"REP_treat","size_treat","status","antID","tagIDdecimal","identifStart","identifEnd","AntTask1perc","prop_time_outside","colony_size","treatment","Comment","Exposed","IsAlive","IsQueen","surviv_time","N_exposed","ExpStart","ExpEnd"
"R1BS","BS","Big",1,5,NA,NA,"queen",0,155,"Sham","NA",FALSE,TRUE,TRUE,2021-03-02 12:45:04,11,2021-02-26 11:46:02,2021-03-02 12:45:04
"R1BS","BS","Big",2,33,NA,NA,"forager",0.012,155,"Sham","NA",FALSE,TRUE,FALSE,2021-03-02 12:45:04,11,2021-02-26 11:46:02,2021-03-02 12:45:04
"R1BS","BS","Big",3,34,NA,NA,"nurse",0,155,"Sham","NA",FALSE,TRUE,FALSE,2021-03-02 12:45:04,11,2021-02-26 11:46:02,2021-03-02 12:45:04
"R1BS","BS","Big",4,35,NA,NA,"nurse",0,155,"Sham","NA",FALSE,TRUE,FALSE,2021-03-02 12:45:04,11,2021-02-26 11:46:02,2021-03-02 12:45:04
"R1BS","BS","Big",5,37,NA,NA,"forager",0.12,155,"Sham","NA",FALSE,TRUE,FALSE,2021-03-02 12:45:04,11,2021-02-26 11:46:02,2021-03-02 12:45:04
"R1BS","BS","Big",6,38,NA,NA,"nurse",0,155,"Sham","NA",TRUE,TRUE,FALSE,2021-03-02 12:45:04,11,2021-02-26 11:46:02,2021-03-02 12:45:04
"R1BS","BS","Big",7,39,NA,NA,"nurse",0,155,"Sham","NA",FALSE,TRUE,FALSE,2021-03-02 12:45:04,11,2021-02-26 11:46:02,2021-03-02 12:45:04
"R1BS","BS","Big",8,40,NA,NA,"nurse",0,155,"Sham","NA",TRUE,TRUE,FALSE,2021-03-02 12:45:04,11,2021-02-26 11:46:02,2021-03-02 12:45:04
"R1BS","BS","Big",9,42,NA,NA,"forager",0.043,155,"Sham","NA",FALSE,TRUE,FALSE,2021-03-02 12:45:04,11,2021-02-26 11:46:02,2021-03-02 12:45:04
"R1BS","BS","Big",10,43,NA,2021-02-26 14:14:06,NA,NA,155,"Sham","death",FALSE,FALSE,FALSE,2021-02-26 14:14:06,11,2021-02-26 11:46:02,2021-03-02 12:45:04
"R1BS","BS","Big",11,44,NA,NA,"nurse",0,155,"Sham","NA",FALSE,TRUE,FALSE,2021-03-02 12:45:04,11,2021-02-26 11:46:02,2021-03-02 12:45:04
"R1BS","BS","Big",12,45,NA,NA,"forager",0.012,155,"Sham","NA",FALSE,TRUE,FALSE,2021-03-02 12:45:04,11,2021-02-26 11:46:02,2021-03-02 12:45:04
"R1BS","BS","Big",13,46,NA,NA,"nurse",0,155,"Sham","NA",FALSE,TRUE,FALSE,2021-03-02 12:45:04,11,2021-02-26 11:46:02,2021-03-02 12:45:04
"R1BS","BS","Big",14,48,NA,NA,"forager",0.016,155,"Sham","NA",FALSE,TRUE,FALSE,2021-03-02 12:45:04,11,2021-02-26 11:46:02,2021-03-02 12:45:04
"R1BS","BS","Big",15,49,NA,NA,"nurse",0.006,155,"Sham","NA",FALSE,TRUE,FALSE,2021-03-02 12:45:04,11,2021-02-26 11:46:02,2021-03-02 12:45:04
"R1BS","BS","Big",16,50,NA,NA,"nurse",0,155,"Sham","NA",FALSE,TRUE,FALSE,2021-03-02 12:45:04,11,2021-02-26 11:46:02,2021-03-02 12:45:04
"R1BS","BS","Big",17,91,NA,NA,"nurse",0,155,"Sham","NA",TRUE,TRUE,FALSE,2021-03-02 12:45:04,11,2021-02-26 11:46:02,2021-03-02 12:45:04
"R1BS","BS","Big",18,92,NA,NA,"nurse",0,155,"Sham","NA",FALSE,TRUE,FALSE,2021-03-02 12:45:04,11,2021-02-26 11:46:02,2021-03-02 12:45:04
"R1BS","BS","Big",19,93,NA,NA,"nurse",0.004,155,"Sham","NA",FALSE,TRUE,FALSE,2021-03-02 12:45:04,11,2021-02-26 11:46:02,2021-03-02 12:45:04
"R1BS","BS","Big",20,94,NA,2021-02-26 15:45:26,NA,NA,155,"Sham","death",FALSE,FALSE,FALSE,2021-02-26 15:45:26,11,2021-02-26 11:46:02,2021-03-02 12:45:04
"R1BS","BS","Big",21,95,NA,NA,"nurse",0.001,155,"Sham","NA",FALSE,TRUE,FALSE,2021-03-02 12:45:04,11,2021-02-26 11:46:02,2021-03-02 12:45:04
"R1BS","BS","Big",22,96,NA,NA,"nurse",0.008,155,"Sham","NA",FALSE,TRUE,FALSE,2021-03-02 12:45:04,11,2021-02-26 11:46:02,2021-03-02 12:45:04
"R1BS","BS","Big",23,98,NA,NA,"forager",0.509,155,"Sham","NA",FALSE,TRUE,FALSE,2021-03-02 12:45:04,11,2021-02-26 11:46:02,2021-03-02 12:45:04
"R1BS","BS","Big",24,99,NA,NA,"forager",0.298,155,"Sham","NA",FALSE,TRUE,FALSE,2021-03-02 12:45:04,11,2021-02-26 11:46:02,2021-03-02 12:45:04
"R1BS","BS","Big",25,100,NA,NA,"nurse",0.009,155,"Sham","NA",FALSE,TRUE,FALSE,2021-03-02 12:45:04,11,2021-02-26 11:46:02,2021-03-02 12:45:04
"R1BS","BS","Big",26,101,NA,NA,"nurse",0.001,155,"Sham","NA",FALSE,TRUE,FALSE,2021-03-02 12:45:04,11,2021-02-26 11:46:02,2021-03-02 12:45:04
"R1BS","BS","Big",27,102,NA,NA,"nurse",0.002,155,"Sham","NA",FALSE,TRUE,FALSE,2021-03-02 12:45:04,11,2021-02-26 11:46:02,2021-03-02 12:45:04
"R1BS","BS","Big",28,103,NA,NA,"nurse",0,155,"Sham","NA",FALSE,TRUE,FALSE,2021-03-02 12:45:04,11,2021-02-26 11:46:02,2021-03-02 12:45:04
"R1BS","BS","Big",29,104,NA,NA,"nurse",0,155,"Sham","NA",FALSE,TRUE,FALSE,2021-03-02 12:45:04,11,2021-02-26 11:46:02,2021-03-02 12:45:04
"R1BS","BS","Big",30,105,NA,NA,"nurse",0.004,155,"Sham","NA",FALSE,TRUE,FALSE,2021-03-02 12:45:04,11,2021-02-26 11:46:02,2021-03-02 12:45:04
"R1BS","BS","Big",31,106,NA,NA,"forager",0.022,155,"Sham","NA",FALSE,TRUE,FALSE,2021-03-02 12:45:04,11,2021-02-26 11:46:02,2021-03-02 12:45:04
"R1BS","BS","Big",32,147,NA,NA,"forager",0.066,155,"Sham","NA",FALSE,TRUE,FALSE,2021-03-02 12:45:04,11,2021-02-26 11:46:02,2021-03-02 12:45:04
"R1BS","BS","Big",33,148,NA,NA,"nurse",0,155,"Sham","NA",FALSE,TRUE,FALSE,2021-03-02 12:45:04,11,2021-02-26 11:46:02,2021-03-02 12:45:04
"R1BS","BS","Big",34,149,NA,2021-03-01 17:56:02,NA,NA,155,"Sham","death",TRUE,FALSE,FALSE,2021-03-01 17:56:02,11,2021-02-26 11:46:02,2021-03-02 12:45:04
"R1BS","BS","Big",35,151,NA,NA,"nurse",0,155,"Sham","NA",FALSE,TRUE,FALSE,2021-03-02 12:45:04,11,2021-02-26 11:46:02,2021-03-02 12:45:04
"R1BS","BS","Big",36,152,NA,NA,"nurse",0.008,155,"Sham","NA",FALSE,TRUE,FALSE,2021-03-02 12:45:04,11,2021-02-26 11:46:02,2021-03-02 12:45:04
"R1BS","BS","Big",37,153,NA,NA,"forager",0.042,155,"Sham","NA",FALSE,TRUE,FALSE,2021-03-02 12:45:04,11,2021-02-26 11:46:02,2021-03-02 12:45:04
"R1BS","BS","Big",38,154,NA,NA,"nurse",0.003,155,"Sham","NA",FALSE,TRUE,FALSE,2021-03-02 12:45:04,11,2021-02-26 11:46:02,2021-03-02 12:45:04
"R1BS","BS","Big",39,155,NA,NA,"nurse",0.002,155,"Sham","NA",FALSE,TRUE,FALSE,2021-03-02 12:45:04,11,2021-02-26 11:46:02,2021-03-02 12:45:04
"R1BS","BS","Big",40,156,NA,NA,"nurse",0.005,155,"Sham","NA",FALSE,TRUE,FALSE,2021-03-02 12:45:04,11,2021-02-26 11:46:02,2021-03-02 12:45:04
"R1BS","BS","Big",41,157,NA,NA,"forager",0.153,155,"Sham","NA",FALSE,TRUE,FALSE,2021-03-02 12:45:04,11,2021-02-26 11:46:02,2021-03-02 12:45:04
"R1BS","BS","Big",42,159,NA,NA,"forager",0.129,155,"Sham","NA",FALSE,TRUE,FALSE,2021-03-02 12:45:04,11,2021-02-26 11:46:02,2021-03-02 12:45:04
"R1BS","BS","Big",43,160,NA,NA,"nurse",0,155,"Sham","NA",FALSE,TRUE,FALSE,2021-03-02 12:45:04,11,2021-02-26 11:46:02,2021-03-02 12:45:04
"R1BS","BS","Big",44,161,NA,NA,"forager",0.031,155,"Sham","NA",FALSE,TRUE,FALSE,2021-03-02 12:45:04,11,2021-02-26 11:46:02,2021-03-02 12:45:04
"R1BS","BS","Big",45,162,NA,NA,"forager",0.044,155,"Sham","NA",FALSE,TRUE,FALSE,2021-03-02 12:45:04,11,2021-02-26 11:46:02,2021-03-02 12:45:04
"R1BS","BS","Big",46,163,NA,NA,"nurse",0.001,155,"Sham","NA",FALSE,TRUE,FALSE,2021-03-02 12:45:04,11,2021-02-26 11:46:02,2021-03-02 12:45:04
"R1BS","BS","Big",47,164,NA,NA,"nurse",0,155,"Sham","NA",FALSE,TRUE,FALSE,2021-03-02 12:45:04,11,2021-02-26 11:46:02,2021-03-02 12:45:04
"R1BS","BS","Big",48,204,NA,2021-02-26 13:20:28,NA,NA,155,"Sham","death",FALSE,FALSE,FALSE,2021-02-26 13:20:28,11,2021-02-26 11:46:02,2021-03-02 12:45:04
"R1BS","BS","Big",49,205,NA,NA,"forager",0.191,155,"Sham","NA",FALSE,TRUE,FALSE,2021-03-02 12:45:04,11,2021-02-26 11:46:02,2021-03-02 12:45:04
"R1BS","BS","Big",50,206,NA,NA,"forager",0.146,155,"Sham","NA",FALSE,TRUE,FALSE,2021-03-02 12:45:04,11,2021-02-26 11:46:02,2021-03-02 12:45:04
"R1BS","BS","Big",51,208,NA,NA,"nurse",0.005,155,"Sham","NA",FALSE,TRUE,FALSE,2021-03-02 12:45:04,11,2021-02-26 11:46:02,2021-03-02 12:45:04
"R1BS","BS","Big",52,209,NA,NA,"forager",0.189,155,"Sham","NA",FALSE,TRUE,FALSE,2021-03-02 12:45:04,11,2021-02-26 11:46:02,2021-03-02 12:45:04
"R1BS","BS","Big",53,210,NA,NA,"nurse",0,155,"Sham","NA",FALSE,TRUE,FALSE,2021-03-02 12:45:04,11,2021-02-26 11:46:02,2021-03-02 12:45:04
"R1BS","BS","Big",54,212,NA,NA,"forager",0.072,155,"Sham","NA",FALSE,TRUE,FALSE,2021-03-02 12:45:04,11,2021-02-26 11:46:02,2021-03-02 12:45:04
"R1BS","BS","Big",55,213,NA,NA,"nurse",0,155,"Sham","NA",TRUE,TRUE,FALSE,2021-03-02 12:45:04,11,2021-02-26 11:46:02,2021-03-02 12:45:04
"R1BS","BS","Big",56,214,NA,NA,"nurse",0,155,"Sham","NA",FALSE,TRUE,FALSE,2021-03-02 12:45:04,11,2021-02-26 11:46:02,2021-03-02 12:45:04
"R1BS","BS","Big",57,215,NA,NA,"nurse",0,155,"Sham","NA",FALSE,TRUE,FALSE,2021-03-02 12:45:04,11,2021-02-26 11:46:02,2021-03-02 12:45:04
"R1BS","BS","Big",58,216,NA,NA,"forager",0.013,155,"Sham","NA",FALSE,TRUE,FALSE,2021-03-02 12:45:04,11,2021-02-26 11:46:02,2021-03-02 12:45:04
"R1BS","BS","Big",59,218,NA,2021-02-28 15:37:38,NA,NA,155,"Sham","death",FALSE,FALSE,FALSE,2021-02-28 15:37:38,11,2021-02-26 11:46:02,2021-03-02 12:45:04
"R1BS","BS","Big",60,219,NA,NA,"nurse",0,155,"Sham","NA",FALSE,TRUE,FALSE,2021-03-02 12:45:04,11,2021-02-26 11:46:02,2021-03-02 12:45:04
"R1BS","BS","Big",61,220,NA,NA,"nurse",0,155,"Sham","NA",FALSE,TRUE,FALSE,2021-03-02 12:45:04,11,2021-02-26 11:46:02,2021-03-02 12:45:04
"R1BS","BS","Big",62,221,NA,NA,"nurse",0,155,"Sham","NA",TRUE,TRUE,FALSE,2021-03-02 12:45:04,11,2021-02-26 11:46:02,2021-03-02 12:45:04
"R1BS","BS","Big",63,262,NA,NA,"nurse",0.003,155,"Sham","NA",FALSE,TRUE,FALSE,2021-03-02 12:45:04,11,2021-02-26 11:46:02,2021-03-02 12:45:04
"R1BS","BS","Big",64,263,NA,NA,"nurse",0,155,"Sham","NA",FALSE,TRUE,FALSE,2021-03-02 12:45:04,11,2021-02-26 11:46:02,2021-03-02 12:45:04
"R1BS","BS","Big",65,264,NA,NA,"forager",0.011,155,"Sham","NA",FALSE,TRUE,FALSE,2021-03-02 12:45:04,11,2021-02-26 11:46:02,2021-03-02 12:45:04
"R1BS","BS","Big",66,265,NA,NA,"nurse",0,155,"Sham","NA",FALSE,TRUE,FALSE,2021-03-02 12:45:04,11,2021-02-26 11:46:02,2021-03-02 12:45:04
"R1BS","BS","Big",67,266,NA,NA,"forager",0.037,155,"Sham","NA",FALSE,TRUE,FALSE,2021-03-02 12:45:04,11,2021-02-26 11:46:02,2021-03-02 12:45:04
"R1BS","BS","Big",68,267,NA,NA,"forager",0.036,155,"Sham","NA",FALSE,TRUE,FALSE,2021-03-02 12:45:04,11,2021-02-26 11:46:02,2021-03-02 12:45:04
"R1BS","BS","Big",69,269,NA,NA,"nurse",0,155,"Sham","NA",FALSE,TRUE,FALSE,2021-03-02 12:45:04,11,2021-02-26 11:46:02,2021-03-02 12:45:04
"R1BS","BS","Big",70,270,NA,NA,"nurse",0.007,155,"Sham","NA",FALSE,TRUE,FALSE,2021-03-02 12:45:04,11,2021-02-26 11:46:02,2021-03-02 12:45:04
"R1BS","BS","Big",71,273,NA,NA,"forager",0.017,155,"Sham","NA",FALSE,TRUE,FALSE,2021-03-02 12:45:04,11,2021-02-26 11:46:02,2021-03-02 12:45:04
"R1BS","BS","Big",72,274,NA,NA,"nurse",0,155,"Sham","NA",TRUE,TRUE,FALSE,2021-03-02 12:45:04,11,2021-02-26 11:46:02,2021-03-02 12:45:04
"R1BS","BS","Big",73,275,NA,NA,"nurse",0,155,"Sham","NA",FALSE,TRUE,FALSE,2021-03-02 12:45:04,11,2021-02-26 11:46:02,2021-03-02 12:45:04
"R1BS","BS","Big",74,276,NA,NA,"forager",0.019,155,"Sham","NA",FALSE,TRUE,FALSE,2021-03-02 12:45:04,11,2021-02-26 11:46:02,2021-03-02 12:45:04
"R1BS","BS","Big",75,278,NA,NA,"nurse",0.009,155,"Sham","NA",FALSE,TRUE,FALSE,2021-03-02 12:45:04,11,2021-02-26 11:46:02,2021-03-02 12:45:04
"R1BS","BS","Big",76,318,NA,NA,"forager",0.017,155,"Sham","NA",FALSE,TRUE,FALSE,2021-03-02 12:45:04,11,2021-02-26 11:46:02,2021-03-02 12:45:04
"R1BS","BS","Big",77,319,NA,NA,"nurse",0.004,155,"Sham","NA",FALSE,TRUE,FALSE,2021-03-02 12:45:04,11,2021-02-26 11:46:02,2021-03-02 12:45:04
"R1BS","BS","Big",78,320,NA,NA,"nurse",0,155,"Sham","NA",FALSE,TRUE,FALSE,2021-03-02 12:45:04,11,2021-02-26 11:46:02,2021-03-02 12:45:04
"R1BS","BS","Big",79,321,NA,2021-03-01 10:56:12,NA,NA,155,"Sham","accident",FALSE,FALSE,FALSE,2021-03-01 10:56:12,11,2021-02-26 11:46:02,2021-03-02 12:45:04
"R1BS","BS","Big",80,322,NA,NA,"forager",0.095,155,"Sham","NA",FALSE,TRUE,FALSE,2021-03-02 12:45:04,11,2021-02-26 11:46:02,2021-03-02 12:45:04
"R1BS","BS","Big",81,323,NA,NA,"forager",0.051,155,"Sham","NA",FALSE,TRUE,FALSE,2021-03-02 12:45:04,11,2021-02-26 11:46:02,2021-03-02 12:45:04
"R1BS","BS","Big",82,324,NA,NA,"forager",0.202,155,"Sham","NA",FALSE,TRUE,FALSE,2021-03-02 12:45:04,11,2021-02-26 11:46:02,2021-03-02 12:45:04
"R1BS","BS","Big",83,325,NA,NA,"nurse",0.005,155,"Sham","NA",FALSE,TRUE,FALSE,2021-03-02 12:45:04,11,2021-02-26 11:46:02,2021-03-02 12:45:04
"R1BS","BS","Big",84,326,NA,NA,"nurse",0,155,"Sham","NA",TRUE,TRUE,FALSE,2021-03-02 12:45:04,11,2021-02-26 11:46:02,2021-03-02 12:45:04
"R1BS","BS","Big",85,327,NA,NA,"forager",0.441,155,"Sham","NA",FALSE,TRUE,FALSE,2021-03-02 12:45:04,11,2021-02-26 11:46:02,2021-03-02 12:45:04
"R1BS","BS","Big",86,330,NA,NA,"forager",0.013,155,"Sham","NA",FALSE,TRUE,FALSE,2021-03-02 12:45:04,11,2021-02-26 11:46:02,2021-03-02 12:45:04
"R1BS","BS","Big",87,331,NA,NA,"nurse",0,155,"Sham","NA",FALSE,TRUE,FALSE,2021-03-02 12:45:04,11,2021-02-26 11:46:02,2021-03-02 12:45:04
"R1BS","BS","Big",88,332,NA,NA,"nurse",0.002,155,"Sham","NA",FALSE,TRUE,FALSE,2021-03-02 12:45:04,11,2021-02-26 11:46:02,2021-03-02 12:45:04
"R1BS","BS","Big",89,334,NA,NA,"forager",0.036,155,"Sham","NA",FALSE,TRUE,FALSE,2021-03-02 12:45:04,11,2021-02-26 11:46:02,2021-03-02 12:45:04
"R1BS","BS","Big",90,335,NA,NA,"nurse",0,155,"Sham","NA",TRUE,TRUE,FALSE,2021-03-02 12:45:04,11,2021-02-26 11:46:02,2021-03-02 12:45:04
"R1BS","BS","Big",91,375,NA,NA,"forager",0.014,155,"Sham","NA",FALSE,TRUE,FALSE,2021-03-02 12:45:04,11,2021-02-26 11:46:02,2021-03-02 12:45:04
"R1BS","BS","Big",92,376,NA,2021-02-26 11:46:02,NA,NA,155,"Sham","death",FALSE,FALSE,FALSE,2021-02-26 11:46:02,11,2021-02-26 11:46:02,2021-03-02 12:45:04
"R1BS","BS","Big",93,377,NA,NA,"nurse",0,155,"Sham","NA",FALSE,TRUE,FALSE,2021-03-02 12:45:04,11,2021-02-26 11:46:02,2021-03-02 12:45:04
"R1BS","BS","Big",94,379,NA,NA,"forager",0.024,155,"Sham","NA",FALSE,TRUE,FALSE,2021-03-02 12:45:04,11,2021-02-26 11:46:02,2021-03-02 12:45:04
"R1BS","BS","Big",95,380,NA,NA,"nurse",0.002,155,"Sham","NA",FALSE,TRUE,FALSE,2021-03-02 12:45:04,11,2021-02-26 11:46:02,2021-03-02 12:45:04
"R1BS","BS","Big",96,381,NA,NA,"nurse",0,155,"Sham","NA",FALSE,TRUE,FALSE,2021-03-02 12:45:04,11,2021-02-26 11:46:02,2021-03-02 12:45:04
"R1BS","BS","Big",97,382,NA,NA,"forager",0.013,155,"Sham","NA",FALSE,TRUE,FALSE,2021-03-02 12:45:04,11,2021-02-26 11:46:02,2021-03-02 12:45:04
"R1BS","BS","Big",98,383,NA,NA,"nurse",0,155,"Sham","NA",FALSE,TRUE,FALSE,2021-03-02 12:45:04,11,2021-02-26 11:46:02,2021-03-02 12:45:04
"R1BS","BS","Big",99,384,NA,NA,"forager",0.02,155,"Sham","NA",FALSE,TRUE,FALSE,2021-03-02 12:45:04,11,2021-02-26 11:46:02,2021-03-02 12:45:04
"R1BS","BS","Big",100,385,NA,NA,"nurse",0.006,155,"Sham","NA",FALSE,TRUE,FALSE,2021-03-02 12:45:04,11,2021-02-26 11:46:02,2021-03-02 12:45:04
"R1BS","BS","Big",101,386,NA,NA,"nurse",0,155,"Sham","NA",FALSE,TRUE,FALSE,2021-03-02 12:45:04,11,2021-02-26 11:46:02,2021-03-02 12:45:04
"R1BS","BS","Big",102,389,NA,NA,"forager",0.292,155,"Sham","NA",FALSE,TRUE,FALSE,2021-03-02 12:45:04,11,2021-02-26 11:46:02,2021-03-02 12:45:04
"R1BS","BS","Big",103,390,NA,NA,"forager",0.057,155,"Sham","NA",FALSE,TRUE,FALSE,2021-03-02 12:45:04,11,2021-02-26 11:46:02,2021-03-02 12:45:04
"R1BS","BS","Big",104,391,NA,NA,"nurse",0.001,155,"Sham","NA",FALSE,TRUE,FALSE,2021-03-02 12:45:04,11,2021-02-26 11:46:02,2021-03-02 12:45:04
"R1BS","BS","Big",105,392,NA,NA,"forager",0.024,155,"Sham","NA",FALSE,TRUE,FALSE,2021-03-02 12:45:04,11,2021-02-26 11:46:02,2021-03-02 12:45:04
"R1BS","BS","Big",106,432,NA,NA,"nurse",0,155,"Sham","NA",FALSE,TRUE,FALSE,2021-03-02 12:45:04,11,2021-02-26 11:46:02,2021-03-02 12:45:04
"R1BS","BS","Big",107,433,NA,NA,"nurse",0,155,"Sham","NA",FALSE,TRUE,FALSE,2021-03-02 12:45:04,11,2021-02-26 11:46:02,2021-03-02 12:45:04
"R1BS","BS","Big",108,434,NA,NA,"forager",0.109,155,"Sham","NA",FALSE,TRUE,FALSE,2021-03-02 12:45:04,11,2021-02-26 11:46:02,2021-03-02 12:45:04
"R1BS","BS","Big",109,435,NA,NA,"nurse",0,155,"Sham","NA",FALSE,TRUE,FALSE,2021-03-02 12:45:04,11,2021-02-26 11:46:02,2021-03-02 12:45:04
"R1BS","BS","Big",110,436,NA,NA,"nurse",0,155,"Sham","NA",FALSE,TRUE,FALSE,2021-03-02 12:45:04,11,2021-02-26 11:46:02,2021-03-02 12:45:04
"R1BS","BS","Big",111,437,NA,NA,"nurse",0.005,155,"Sham","NA",FALSE,TRUE,FALSE,2021-03-02 12:45:04,11,2021-02-26 11:46:02,2021-03-02 12:45:04
"R1BS","BS","Big",112,438,NA,NA,"nurse",0,155,"Sham","NA",FALSE,TRUE,FALSE,2021-03-02 12:45:04,11,2021-02-26 11:46:02,2021-03-02 12:45:04
"R1BS","BS","Big",113,439,NA,NA,"nurse",0,155,"Sham","NA",TRUE,TRUE,FALSE,2021-03-02 12:45:04,11,2021-02-26 11:46:02,2021-03-02 12:45:04
"R1BS","BS","Big",114,440,NA,NA,"nurse",0.002,155,"Sham","NA",FALSE,TRUE,FALSE,2021-03-02 12:45:04,11,2021-02-26 11:46:02,2021-03-02 12:45:04
"R1BS","BS","Big",115,441,NA,NA,"nurse",0,155,"Sham","NA",FALSE,TRUE,FALSE,2021-03-02 12:45:04,11,2021-02-26 11:46:02,2021-03-02 12:45:04
"R1BS","BS","Big",116,442,NA,NA,"forager",0.158,155,"Sham","NA",FALSE,TRUE,FALSE,2021-03-02 12:45:04,11,2021-02-26 11:46:02,2021-03-02 12:45:04
"R1BS","BS","Big",117,443,NA,NA,"nurse",0,155,"Sham","NA",FALSE,TRUE,FALSE,2021-03-02 12:45:04,11,2021-02-26 11:46:02,2021-03-02 12:45:04
"R1BS","BS","Big",118,444,NA,NA,"nurse",0,155,"Sham","NA",FALSE,TRUE,FALSE,2021-03-02 12:45:04,11,2021-02-26 11:46:02,2021-03-02 12:45:04
"R1BS","BS","Big",119,446,NA,NA,"nurse",0,155,"Sham","NA",FALSE,TRUE,FALSE,2021-03-02 12:45:04,11,2021-02-26 11:46:02,2021-03-02 12:45:04
"R1BS","BS","Big",120,447,NA,NA,"nurse",0,155,"Sham","NA",FALSE,TRUE,FALSE,2021-03-02 12:45:04,11,2021-02-26 11:46:02,2021-03-02 12:45:04
"R1BS","BS","Big",121,448,NA,NA,"forager",0.05,155,"Sham","NA",FALSE,TRUE,FALSE,2021-03-02 12:45:04,11,2021-02-26 11:46:02,2021-03-02 12:45:04
"R1BS","BS","Big",122,449,NA,NA,"nurse",0.002,155,"Sham","NA",FALSE,TRUE,FALSE,2021-03-02 12:45:04,11,2021-02-26 11:46:02,2021-03-02 12:45:04
"R1BS","BS","Big",123,489,NA,NA,"nurse",0,155,"Sham","NA",TRUE,TRUE,FALSE,2021-03-02 12:45:04,11,2021-02-26 11:46:02,2021-03-02 12:45:04
"R1BS","BS","Big",124,490,NA,NA,"forager",0.128,155,"Sham","NA",FALSE,TRUE,FALSE,2021-03-02 12:45:04,11,2021-02-26 11:46:02,2021-03-02 12:45:04
"R1BS","BS","Big",125,491,NA,NA,"nurse",0.005,155,"Sham","NA",FALSE,TRUE,FALSE,2021-03-02 12:45:04,11,2021-02-26 11:46:02,2021-03-02 12:45:04
"R1BS","BS","Big",126,493,NA,NA,"nurse",0,155,"Sham","NA",FALSE,TRUE,FALSE,2021-03-02 12:45:04,11,2021-02-26 11:46:02,2021-03-02 12:45:04
"R1BS","BS","Big",127,494,NA,NA,"nurse",0,155,"Sham","NA",FALSE,TRUE,FALSE,2021-03-02 12:45:04,11,2021-02-26 11:46:02,2021-03-02 12:45:04
"R1BS","BS","Big",128,495,NA,NA,"forager",0.207,155,"Sham","NA",FALSE,TRUE,FALSE,2021-03-02 12:45:04,11,2021-02-26 11:46:02,2021-03-02 12:45:04
"R1BS","BS","Big",129,496,NA,NA,"nurse",0.009,155,"Sham","NA",FALSE,TRUE,FALSE,2021-03-02 12:45:04,11,2021-02-26 11:46:02,2021-03-02 12:45:04
"R1BS","BS","Big",130,497,NA,NA,"forager",0.015,155,"Sham","NA",FALSE,TRUE,FALSE,2021-03-02 12:45:04,11,2021-02-26 11:46:02,2021-03-02 12:45:04
"R1BS","BS","Big",131,498,NA,NA,"nurse",0.005,155,"Sham","NA",FALSE,TRUE,FALSE,2021-03-02 12:45:04,11,2021-02-26 11:46:02,2021-03-02 12:45:04
"R1BS","BS","Big",132,499,NA,NA,"forager",0.106,155,"Sham","NA",FALSE,TRUE,FALSE,2021-03-02 12:45:04,11,2021-02-26 11:46:02,2021-03-02 12:45:04
"R1BS","BS","Big",133,501,NA,NA,"forager",0.174,155,"Sham","NA",FALSE,TRUE,FALSE,2021-03-02 12:45:04,11,2021-02-26 11:46:02,2021-03-02 12:45:04
"R1BS","BS","Big",134,502,NA,2021-02-26 19:44:07,NA,NA,155,"Sham","TagFall",FALSE,TRUE,FALSE,2021-03-02 12:45:04,11,2021-02-26 11:46:02,2021-03-02 12:45:04
"R1BS","BS","Big",135,503,NA,NA,"nurse",0.001,155,"Sham","NA",FALSE,TRUE,FALSE,2021-03-02 12:45:04,11,2021-02-26 11:46:02,2021-03-02 12:45:04
"R1BS","BS","Big",136,504,NA,NA,"forager",0.031,155,"Sham","NA",FALSE,TRUE,FALSE,2021-03-02 12:45:04,11,2021-02-26 11:46:02,2021-03-02 12:45:04
"R1BS","BS","Big",137,505,NA,2021-02-26 11:46:07,NA,NA,155,"Sham","death",FALSE,FALSE,FALSE,2021-02-26 11:46:07,11,2021-02-26 11:46:02,2021-03-02 12:45:04
"R1BS","BS","Big",138,506,NA,NA,"forager",0.04,155,"Sham","NA",FALSE,TRUE,FALSE,2021-03-02 12:45:04,11,2021-02-26 11:46:02,2021-03-02 12:45:04
"R1BS","BS","Big",139,546,NA,NA,"forager",0.158,155,"Sham","NA",FALSE,TRUE,FALSE,2021-03-02 12:45:04,11,2021-02-26 11:46:02,2021-03-02 12:45:04
"R1BS","BS","Big",140,547,NA,NA,"nurse",0,155,"Sham","NA",FALSE,TRUE,FALSE,2021-03-02 12:45:04,11,2021-02-26 11:46:02,2021-03-02 12:45:04
"R1BS","BS","Big",141,548,NA,NA,"forager",0.112,155,"Sham","NA",FALSE,TRUE,FALSE,2021-03-02 12:45:04,11,2021-02-26 11:46:02,2021-03-02 12:45:04
"R1BS","BS","Big",142,549,NA,NA,"forager",0.037,155,"Sham","NA",FALSE,TRUE,FALSE,2021-03-02 12:45:04,11,2021-02-26 11:46:02,2021-03-02 12:45:04
"R1BS","BS","Big",143,550,NA,NA,"nurse",0.001,155,"Sham","NA",FALSE,TRUE,FALSE,2021-03-02 12:45:04,11,2021-02-26 11:46:02,2021-03-02 12:45:04
"R1BS","BS","Big",144,551,NA,NA,"nurse",0,155,"Sham","NA",FALSE,TRUE,FALSE,2021-03-02 12:45:04,11,2021-02-26 11:46:02,2021-03-02 12:45:04
"R1BS","BS","Big",145,552,NA,NA,"forager",0.073,155,"Sham","NA",FALSE,TRUE,FALSE,2021-03-02 12:45:04,11,2021-02-26 11:46:02,2021-03-02 12:45:04
"R1BS","BS","Big",146,553,NA,NA,"nurse",0,155,"Sham","NA",FALSE,TRUE,FALSE,2021-03-02 12:45:04,11,2021-02-26 11:46:02,2021-03-02 12:45:04
"R1BS","BS","Big",147,554,NA,2021-02-28 16:40:23,NA,NA,155,"Sham","death",FALSE,FALSE,FALSE,2021-02-28 16:40:23,11,2021-02-26 11:46:02,2021-03-02 12:45:04
"R1BS","BS","Big",148,555,NA,NA,"forager",0.103,155,"Sham","NA",FALSE,TRUE,FALSE,2021-03-02 12:45:04,11,2021-02-26 11:46:02,2021-03-02 12:45:04
"R1BS","BS","Big",149,556,NA,NA,"nurse",0,155,"Sham","NA",FALSE,TRUE,FALSE,2021-03-02 12:45:04,11,2021-02-26 11:46:02,2021-03-02 12:45:04
"R1BS","BS","Big",150,557,NA,NA,"forager",0.036,155,"Sham","NA",FALSE,TRUE,FALSE,2021-03-02 12:45:04,11,2021-02-26 11:46:02,2021-03-02 12:45:04
"R1BS","BS","Big",151,558,NA,NA,"forager",0.149,155,"Sham","NA",FALSE,TRUE,FALSE,2021-03-02 12:45:04,11,2021-02-26 11:46:02,2021-03-02 12:45:04
"R1BS","BS","Big",152,559,NA,NA,"forager",0.184,155,"Sham","NA",FALSE,TRUE,FALSE,2021-03-02 12:45:04,11,2021-02-26 11:46:02,2021-03-02 12:45:04
"R1BS","BS","Big",153,560,NA,NA,"forager",0.069,155,"Sham","NA",FALSE,TRUE,FALSE,2021-03-02 12:45:04,11,2021-02-26 11:46:02,2021-03-02 12:45:04
"R1BS","BS","Big",154,561,NA,NA,"forager",0.285,155,"Sham","NA",FALSE,TRUE,FALSE,2021-03-02 12:45:04,11,2021-02-26 11:46:02,2021-03-02 12:45:04
"R1BS","BS","Big",155,562,NA,NA,"forager",0.036,155,"Sham","NA",FALSE,TRUE,FALSE,2021-03-02 12:45:04,11,2021-02-26 11:46:02,2021-03-02 12:45:04
"R1SP","SP","Small",1,9,NA,NA,"forager",0.019,35,"Pathogen","NA",FALSE,TRUE,FALSE,2021-03-03 12:36:09,3,2021-02-27 12:00:37,2021-03-03 12:36:09
"R1SP","SP","Small",2,11,NA,NA,"queen",0,35,"Pathogen","NA",FALSE,TRUE,TRUE,2021-03-03 12:36:09,3,2021-02-27 12:00:37,2021-03-03 12:36:09
"R1SP","SP","Small",3,15,NA,NA,"nurse",0.001,35,"Pathogen","NA",FALSE,TRUE,FALSE,2021-03-03 12:36:09,3,2021-02-27 12:00:37,2021-03-03 12:36:09
"R1SP","SP","Small",4,64,NA,NA,"forager",0.026,35,"Pathogen","NA",FALSE,TRUE,FALSE,2021-03-03 12:36:09,3,2021-02-27 12:00:37,2021-03-03 12:36:09
"R1SP","SP","Small",5,71,NA,NA,"nurse",0.01,35,"Pathogen","NA",TRUE,TRUE,FALSE,2021-03-03 12:36:09,3,2021-02-27 12:00:37,2021-03-03 12:36:09
"R1SP","SP","Small",6,97,NA,NA,"forager",0.016,35,"Pathogen","NA",FALSE,TRUE,FALSE,2021-03-03 12:36:09,3,2021-02-27 12:00:37,2021-03-03 12:36:09
"R1SP","SP","Small",7,115,NA,NA,"forager",0.039,35,"Pathogen","NA",FALSE,TRUE,FALSE,2021-03-03 12:36:09,3,2021-02-27 12:00:37,2021-03-03 12:36:09
"R1SP","SP","Small",8,124,NA,NA,"forager",0.083,35,"Pathogen","NA",FALSE,TRUE,FALSE,2021-03-03 12:36:09,3,2021-02-27 12:00:37,2021-03-03 12:36:09
"R1SP","SP","Small",9,170,NA,2021-02-27 14:18:40,NA,NA,35,"Pathogen","death",FALSE,FALSE,FALSE,2021-02-27 14:18:40,3,2021-02-27 12:00:37,2021-03-03 12:36:09
"R1SP","SP","Small",10,172,NA,NA,"nurse",0.002,35,"Pathogen","NA",FALSE,TRUE,FALSE,2021-03-03 12:36:09,3,2021-02-27 12:00:37,2021-03-03 12:36:09
"R1SP","SP","Small",11,178,NA,NA,"nurse",0,35,"Pathogen","NA",FALSE,TRUE,FALSE,2021-03-03 12:36:09,3,2021-02-27 12:00:37,2021-03-03 12:36:09
"R1SP","SP","Small",12,182,NA,NA,"forager",0.024,35,"Pathogen","NA",FALSE,TRUE,FALSE,2021-03-03 12:36:09,3,2021-02-27 12:00:37,2021-03-03 12:36:09
"R1SP","SP","Small",13,184,NA,NA,"nurse",0,35,"Pathogen","NA",TRUE,TRUE,FALSE,2021-03-03 12:36:09,3,2021-02-27 12:00:37,2021-03-03 12:36:09
"R1SP","SP","Small",14,212,NA,NA,"forager",0.03,35,"Pathogen","NA",FALSE,TRUE,FALSE,2021-03-03 12:36:09,3,2021-02-27 12:00:37,2021-03-03 12:36:09
"R1SP","SP","Small",15,269,NA,NA,"forager",0.026,35,"Pathogen","NA",FALSE,TRUE,FALSE,2021-03-03 12:36:09,3,2021-02-27 12:00:37,2021-03-03 12:36:09
"R1SP","SP","Small",16,291,NA,NA,"nurse",0,35,"Pathogen","NA",TRUE,TRUE,FALSE,2021-03-03 12:36:09,3,2021-02-27 12:00:37,2021-03-03 12:36:09
"R1SP","SP","Small",17,299,NA,NA,"forager",0.012,35,"Pathogen","NA",FALSE,TRUE,FALSE,2021-03-03 12:36:09,3,2021-02-27 12:00:37,2021-03-03 12:36:09
"R1SP","SP","Small",18,326,NA,NA,"forager",0.014,35,"Pathogen","NA",FALSE,TRUE,FALSE,2021-03-03 12:36:09,3,2021-02-27 12:00:37,2021-03-03 12:36:09
"R1SP","SP","Small",19,344,NA,NA,"nurse",0.005,35,"Pathogen","NA",FALSE,TRUE,FALSE,2021-03-03 12:36:09,3,2021-02-27 12:00:37,2021-03-03 12:36:09
"R1SP","SP","Small",20,400,NA,NA,"forager",0.028,35,"Pathogen","NA",FALSE,TRUE,FALSE,2021-03-03 12:36:09,3,2021-02-27 12:00:37,2021-03-03 12:36:09
"R1SP","SP","Small",21,405,NA,NA,"forager",0.098,35,"Pathogen","NA",FALSE,TRUE,FALSE,2021-03-03 12:36:09,3,2021-02-27 12:00:37,2021-03-03 12:36:09
"R1SP","SP","Small",22,407,NA,NA,"forager",0.017,35,"Pathogen","NA",FALSE,TRUE,FALSE,2021-03-03 12:36:09,3,2021-02-27 12:00:37,2021-03-03 12:36:09
"R1SP","SP","Small",23,495,NA,NA,"forager",0.188,35,"Pathogen","NA",FALSE,TRUE,FALSE,2021-03-03 12:36:09,3,2021-02-27 12:00:37,2021-03-03 12:36:09
"R1SP","SP","Small",24,496,NA,NA,"forager",0.139,35,"Pathogen","NA",FALSE,TRUE,FALSE,2021-03-03 12:36:09,3,2021-02-27 12:00:37,2021-03-03 12:36:09
"R1SP","SP","Small",25,499,NA,NA,"nurse",0.009,35,"Pathogen","NA",FALSE,TRUE,FALSE,2021-03-03 12:36:09,3,2021-02-27 12:00:37,2021-03-03 12:36:09
"R1SP","SP","Small",26,500,NA,2021-02-28 00:57:16,NA,NA,35,"Pathogen","death",FALSE,FALSE,FALSE,2021-02-28 00:57:16,3,2021-02-27 12:00:37,2021-03-03 12:36:09
"R1SP","SP","Small",27,518,NA,NA,"nurse",0.002,35,"Pathogen","NA",FALSE,TRUE,FALSE,2021-03-03 12:36:09,3,2021-02-27 12:00:37,2021-03-03 12:36:09
"R1SP","SP","Small",28,519,NA,NA,"forager",0.048,35,"Pathogen","NA",FALSE,TRUE,FALSE,2021-03-03 12:36:09,3,2021-02-27 12:00:37,2021-03-03 12:36:09
"R1SP","SP","Small",29,521,NA,NA,"forager",0.019,35,"Pathogen","NA",FALSE,TRUE,FALSE,2021-03-03 12:36:09,3,2021-02-27 12:00:37,2021-03-03 12:36:09
"R1SP","SP","Small",30,527,NA,NA,"forager",0.011,35,"Pathogen","NA",FALSE,TRUE,FALSE,2021-03-03 12:36:09,3,2021-02-27 12:00:37,2021-03-03 12:36:09
"R1SP","SP","Small",31,555,NA,NA,"nurse",0.001,35,"Pathogen","NA",FALSE,TRUE,FALSE,2021-03-03 12:36:09,3,2021-02-27 12:00:37,2021-03-03 12:36:09
"R1SP","SP","Small",32,556,NA,NA,"nurse",0.005,35,"Pathogen","NA",FALSE,TRUE,FALSE,2021-03-03 12:36:09,3,2021-02-27 12:00:37,2021-03-03 12:36:09
"R1SP","SP","Small",33,557,NA,NA,"nurse",0.002,35,"Pathogen","NA",FALSE,TRUE,FALSE,2021-03-03 12:36:09,3,2021-02-27 12:00:37,2021-03-03 12:36:09
"R1SP","SP","Small",34,570,NA,NA,"forager",0.016,35,"Pathogen","NA",FALSE,TRUE,FALSE,2021-03-03 12:36:09,3,2021-02-27 12:00:37,2021-03-03 12:36:09
"R1SP","SP","Small",35,580,NA,NA,"forager",0.106,35,"Pathogen","NA",FALSE,TRUE,FALSE,2021-03-03 12:36:09,3,2021-02-27 12:00:37,2021-03-03 12:36:09
"R1SS","SS","Small",1,9,NA,NA,"queen",0,29,"Sham","NA",FALSE,TRUE,TRUE,2021-03-02 12:51:36,2,2021-02-26 11:56:24,2021-03-02 12:51:36
"R1SS","SS","Small",2,48,NA,NA,"nurse",0.003,29,"Sham","NA",FALSE,TRUE,FALSE,2021-03-02 12:51:36,2,2021-02-26 11:56:24,2021-03-02 12:51:36
"R1SS","SS","Small",3,49,NA,NA,"forager",0.136,29,"Sham","NA",FALSE,TRUE,FALSE,2021-03-02 12:51:36,2,2021-02-26 11:56:24,2021-03-02 12:51:36
"R1SS","SS","Small",4,50,NA,NA,"forager",0.03,29,"Sham","NA",FALSE,TRUE,FALSE,2021-03-02 12:51:36,2,2021-02-26 11:56:24,2021-03-02 12:51:36
"R1SS","SS","Small",5,105,NA,NA,"nurse",0.003,29,"Sham","NA",FALSE,TRUE,FALSE,2021-03-02 12:51:36,2,2021-02-26 11:56:24,2021-03-02 12:51:36
"R1SS","SS","Small",6,106,NA,NA,"nurse",0.003,29,"Sham","NA",FALSE,TRUE,FALSE,2021-03-02 12:51:36,2,2021-02-26 11:56:24,2021-03-02 12:51:36
"R1SS","SS","Small",7,107,NA,NA,"forager",0.037,29,"Sham","NA",FALSE,TRUE,FALSE,2021-03-02 12:51:36,2,2021-02-26 11:56:24,2021-03-02 12:51:36
"R1SS","SS","Small",8,163,NA,2021-02-26 12:00:42,NA,NA,29,"Sham","death",FALSE,FALSE,FALSE,2021-02-26 12:00:42,2,2021-02-26 11:56:24,2021-03-02 12:51:36
"R1SS","SS","Small",9,164,NA,NA,"nurse",0.007,29,"Sham","NA",FALSE,TRUE,FALSE,2021-03-02 12:51:36,2,2021-02-26 11:56:24,2021-03-02 12:51:36
"R1SS","SS","Small",10,220,NA,NA,"nurse",0.003,29,"Sham","NA",TRUE,TRUE,FALSE,2021-03-02 12:51:36,2,2021-02-26 11:56:24,2021-03-02 12:51:36
"R1SS","SS","Small",11,221,NA,NA,"forager",0.031,29,"Sham","NA",FALSE,TRUE,FALSE,2021-03-02 12:51:36,2,2021-02-26 11:56:24,2021-03-02 12:51:36
"R1SS","SS","Small",12,276,NA,NA,"nurse",0,29,"Sham","NA",FALSE,TRUE,FALSE,2021-03-02 12:51:36,2,2021-02-26 11:56:24,2021-03-02 12:51:36
"R1SS","SS","Small",13,277,NA,NA,"nurse",0.003,29,"Sham","NA",FALSE,TRUE,FALSE,2021-03-02 12:51:36,2,2021-02-26 11:56:24,2021-03-02 12:51:36
"R1SS","SS","Small",14,278,NA,NA,"nurse",0.009,29,"Sham","NA",FALSE,TRUE,FALSE,2021-03-02 12:51:36,2,2021-02-26 11:56:24,2021-03-02 12:51:36
"R1SS","SS","Small",15,333,NA,NA,"nurse",0.006,29,"Sham","NA",FALSE,TRUE,FALSE,2021-03-02 12:51:36,2,2021-02-26 11:56:24,2021-03-02 12:51:36
"R1SS","SS","Small",16,334,NA,NA,"forager",0.173,29,"Sham","NA",FALSE,TRUE,FALSE,2021-03-02 12:51:36,2,2021-02-26 11:56:24,2021-03-02 12:51:36
"R1SS","SS","Small",17,335,NA,NA,"nurse",0.008,29,"Sham","NA",FALSE,TRUE,FALSE,2021-03-02 12:51:36,2,2021-02-26 11:56:24,2021-03-02 12:51:36
"R1SS","SS","Small",18,390,NA,NA,"nurse",0.001,29,"Sham","NA",FALSE,TRUE,FALSE,2021-03-02 12:51:36,2,2021-02-26 11:56:24,2021-03-02 12:51:36
"R1SS","SS","Small",19,391,NA,NA,"nurse",0.006,29,"Sham","NA",FALSE,TRUE,FALSE,2021-03-02 12:51:36,2,2021-02-26 11:56:24,2021-03-02 12:51:36
"R1SS","SS","Small",20,392,NA,NA,"forager",0.374,29,"Sham","NA",FALSE,TRUE,FALSE,2021-03-02 12:51:36,2,2021-02-26 11:56:24,2021-03-02 12:51:36
"R1SS","SS","Small",21,447,NA,NA,"nurse",0.007,29,"Sham","NA",FALSE,TRUE,FALSE,2021-03-02 12:51:36,2,2021-02-26 11:56:24,2021-03-02 12:51:36
"R1SS","SS","Small",22,448,NA,NA,"nurse",0,29,"Sham","NA",TRUE,TRUE,FALSE,2021-03-02 12:51:36,2,2021-02-26 11:56:24,2021-03-02 12:51:36
"R1SS","SS","Small",23,449,NA,NA,"nurse",0,29,"Sham","NA",FALSE,TRUE,FALSE,2021-03-02 12:51:36,2,2021-02-26 11:56:24,2021-03-02 12:51:36
"R1SS","SS","Small",24,504,NA,NA,"forager",0.032,29,"Sham","NA",FALSE,TRUE,FALSE,2021-03-02 12:51:36,2,2021-02-26 11:56:24,2021-03-02 12:51:36
"R1SS","SS","Small",25,505,NA,NA,"forager",0.163,29,"Sham","NA",FALSE,TRUE,FALSE,2021-03-02 12:51:36,2,2021-02-26 11:56:24,2021-03-02 12:51:36
"R1SS","SS","Small",26,506,NA,NA,"forager",0.014,29,"Sham","NA",FALSE,TRUE,FALSE,2021-03-02 12:51:36,2,2021-02-26 11:56:24,2021-03-02 12:51:36
"R1SS","SS","Small",27,561,NA,NA,"nurse",0,29,"Sham","NA",FALSE,TRUE,FALSE,2021-03-02 12:51:36,2,2021-02-26 11:56:24,2021-03-02 12:51:36
"R1SS","SS","Small",28,562,NA,NA,"forager",0.018,29,"Sham","NA",FALSE,TRUE,FALSE,2021-03-02 12:51:36,2,2021-02-26 11:56:24,2021-03-02 12:51:36
"R1SS","SS","Small",29,563,NA,NA,"nurse",0.001,29,"Sham","NA",FALSE,TRUE,FALSE,2021-03-02 12:51:36,2,2021-02-26 11:56:24,2021-03-02 12:51:36
"R10BP","BP","Big",1,1,NA,NA,"forager",0.127,186,"Pathogen","NA",FALSE,TRUE,FALSE,2021-05-18 11:26:11,17,2021-05-14 12:03:10,2021-05-18 11:26:11
"R10BP","BP","Big",2,2,NA,NA,"nurse",0,186,"Pathogen","NA",TRUE,TRUE,FALSE,2021-05-18 11:26:11,17,2021-05-14 12:03:10,2021-05-18 11:26:11
"R10BP","BP","Big",3,3,NA,NA,"forager",0.07,186,"Pathogen","NA",FALSE,TRUE,FALSE,2021-05-18 11:26:11,17,2021-05-14 12:03:10,2021-05-18 11:26:11
"R10BP","BP","Big",4,4,NA,NA,"nurse",0,186,"Pathogen","NA",TRUE,TRUE,FALSE,2021-05-18 11:26:11,17,2021-05-14 12:03:10,2021-05-18 11:26:11
"R10BP","BP","Big",5,7,NA,NA,"nurse",0,186,"Pathogen","NA",FALSE,TRUE,FALSE,2021-05-18 11:26:11,17,2021-05-14 12:03:10,2021-05-18 11:26:11
"R10BP","BP","Big",6,8,NA,NA,"nurse",0,186,"Pathogen","NA",FALSE,TRUE,FALSE,2021-05-18 11:26:11,17,2021-05-14 12:03:10,2021-05-18 11:26:11
"R10BP","BP","Big",7,9,NA,NA,"forager",0.049,186,"Pathogen","NA",FALSE,TRUE,FALSE,2021-05-18 11:26:11,17,2021-05-14 12:03:10,2021-05-18 11:26:11
"R10BP","BP","Big",8,10,NA,NA,"nurse",0,186,"Pathogen","NA",FALSE,TRUE,FALSE,2021-05-18 11:26:11,17,2021-05-14 12:03:10,2021-05-18 11:26:11
"R10BP","BP","Big",9,11,NA,NA,"forager",0.348,186,"Pathogen","NA",FALSE,TRUE,FALSE,2021-05-18 11:26:11,17,2021-05-14 12:03:10,2021-05-18 11:26:11
"R10BP","BP","Big",10,12,NA,NA,"nurse",0.002,186,"Pathogen","NA",FALSE,TRUE,FALSE,2021-05-18 11:26:11,17,2021-05-14 12:03:10,2021-05-18 11:26:11
"R10BP","BP","Big",11,13,NA,NA,"forager",0.222,186,"Pathogen","NA",FALSE,TRUE,FALSE,2021-05-18 11:26:11,17,2021-05-14 12:03:10,2021-05-18 11:26:11
"R10BP","BP","Big",12,14,NA,NA,"forager",0.415,186,"Pathogen","NA",FALSE,TRUE,FALSE,2021-05-18 11:26:11,17,2021-05-14 12:03:10,2021-05-18 11:26:11
"R10BP","BP","Big",13,16,NA,NA,"queen",0,186,"Pathogen","NA",FALSE,TRUE,TRUE,2021-05-18 11:26:11,17,2021-05-14 12:03:10,2021-05-18 11:26:11
"R10BP","BP","Big",14,55,NA,NA,"nurse",0,186,"Pathogen","NA",FALSE,TRUE,FALSE,2021-05-18 11:26:11,17,2021-05-14 12:03:10,2021-05-18 11:26:11
"R10BP","BP","Big",15,58,NA,NA,"forager",0.476,186,"Pathogen","NA",FALSE,TRUE,FALSE,2021-05-18 11:26:11,17,2021-05-14 12:03:10,2021-05-18 11:26:11
"R10BP","BP","Big",16,59,NA,NA,"nurse",0,186,"Pathogen","NA",FALSE,TRUE,FALSE,2021-05-18 11:26:11,17,2021-05-14 12:03:10,2021-05-18 11:26:11
"R10BP","BP","Big",17,60,NA,NA,"forager",0.117,186,"Pathogen","NA",FALSE,TRUE,FALSE,2021-05-18 11:26:11,17,2021-05-14 12:03:10,2021-05-18 11:26:11
"R10BP","BP","Big",18,61,NA,NA,"forager",0.219,186,"Pathogen","NA",FALSE,TRUE,FALSE,2021-05-18 11:26:11,17,2021-05-14 12:03:10,2021-05-18 11:26:11
"R10BP","BP","Big",19,62,NA,NA,"forager",0.036,186,"Pathogen","NA",FALSE,TRUE,FALSE,2021-05-18 11:26:11,17,2021-05-14 12:03:10,2021-05-18 11:26:11
"R10BP","BP","Big",20,63,NA,NA,"forager",0.365,186,"Pathogen","NA",FALSE,TRUE,FALSE,2021-05-18 11:26:11,17,2021-05-14 12:03:10,2021-05-18 11:26:11
"R10BP","BP","Big",21,64,NA,NA,"forager",0.825,186,"Pathogen","NA",FALSE,TRUE,FALSE,2021-05-18 11:26:11,17,2021-05-14 12:03:10,2021-05-18 11:26:11
"R10BP","BP","Big",22,65,NA,NA,"nurse",0,186,"Pathogen","NA",FALSE,TRUE,FALSE,2021-05-18 11:26:11,17,2021-05-14 12:03:10,2021-05-18 11:26:11
"R10BP","BP","Big",23,66,NA,NA,"nurse",0.004,186,"Pathogen","NA",FALSE,TRUE,FALSE,2021-05-18 11:26:11,17,2021-05-14 12:03:10,2021-05-18 11:26:11
"R10BP","BP","Big",24,67,NA,NA,"forager",0.294,186,"Pathogen","NA",FALSE,TRUE,FALSE,2021-05-18 11:26:11,17,2021-05-14 12:03:10,2021-05-18 11:26:11
"R10BP","BP","Big",25,68,NA,NA,"nurse",0,186,"Pathogen","NA",FALSE,TRUE,FALSE,2021-05-18 11:26:11,17,2021-05-14 12:03:10,2021-05-18 11:26:11
"R10BP","BP","Big",26,69,NA,NA,"nurse",0,186,"Pathogen","NA",FALSE,TRUE,FALSE,2021-05-18 11:26:11,17,2021-05-14 12:03:10,2021-05-18 11:26:11
"R10BP","BP","Big",27,70,NA,NA,"nurse",0,186,"Pathogen","NA",FALSE,TRUE,FALSE,2021-05-18 11:26:11,17,2021-05-14 12:03:10,2021-05-18 11:26:11
"R10BP","BP","Big",28,71,NA,NA,"forager",0.245,186,"Pathogen","NA",FALSE,TRUE,FALSE,2021-05-18 11:26:11,17,2021-05-14 12:03:10,2021-05-18 11:26:11
"R10BP","BP","Big",29,112,NA,NA,"forager",0.405,186,"Pathogen","NA",FALSE,TRUE,FALSE,2021-05-18 11:26:11,17,2021-05-14 12:03:10,2021-05-18 11:26:11
"R10BP","BP","Big",30,113,NA,NA,"nurse",0,186,"Pathogen","NA",FALSE,TRUE,FALSE,2021-05-18 11:26:11,17,2021-05-14 12:03:10,2021-05-18 11:26:11
"R10BP","BP","Big",31,114,NA,NA,"forager",0.063,186,"Pathogen","NA",FALSE,TRUE,FALSE,2021-05-18 11:26:11,17,2021-05-14 12:03:10,2021-05-18 11:26:11
"R10BP","BP","Big",32,115,NA,NA,"forager",0.037,186,"Pathogen","NA",FALSE,TRUE,FALSE,2021-05-18 11:26:11,17,2021-05-14 12:03:10,2021-05-18 11:26:11
"R10BP","BP","Big",33,116,NA,NA,"nurse",0,186,"Pathogen","NA",FALSE,TRUE,FALSE,2021-05-18 11:26:11,17,2021-05-14 12:03:10,2021-05-18 11:26:11
"R10BP","BP","Big",34,117,NA,NA,"nurse",0.004,186,"Pathogen","NA",TRUE,TRUE,FALSE,2021-05-18 11:26:11,17,2021-05-14 12:03:10,2021-05-18 11:26:11
"R10BP","BP","Big",35,118,NA,NA,"nurse",0,186,"Pathogen","NA",TRUE,TRUE,FALSE,2021-05-18 11:26:11,17,2021-05-14 12:03:10,2021-05-18 11:26:11
"R10BP","BP","Big",36,119,NA,NA,"nurse",0,186,"Pathogen","NA",FALSE,TRUE,FALSE,2021-05-18 11:26:11,17,2021-05-14 12:03:10,2021-05-18 11:26:11
"R10BP","BP","Big",37,120,NA,NA,"nurse",0,186,"Pathogen","NA",FALSE,TRUE,FALSE,2021-05-18 11:26:11,17,2021-05-14 12:03:10,2021-05-18 11:26:11
"R10BP","BP","Big",38,121,NA,NA,"forager",0.187,186,"Pathogen","NA",FALSE,TRUE,FALSE,2021-05-18 11:26:11,17,2021-05-14 12:03:10,2021-05-18 11:26:11
"R10BP","BP","Big",39,122,NA,NA,"nurse",0.006,186,"Pathogen","NA",FALSE,TRUE,FALSE,2021-05-18 11:26:11,17,2021-05-14 12:03:10,2021-05-18 11:26:11
"R10BP","BP","Big",40,123,NA,NA,"forager",0.412,186,"Pathogen","NA",FALSE,TRUE,FALSE,2021-05-18 11:26:11,17,2021-05-14 12:03:10,2021-05-18 11:26:11
"R10BP","BP","Big",41,124,NA,NA,"forager",0.311,186,"Pathogen","NA",FALSE,TRUE,FALSE,2021-05-18 11:26:11,17,2021-05-14 12:03:10,2021-05-18 11:26:11
"R10BP","BP","Big",42,125,NA,NA,"forager",0.06,186,"Pathogen","NA",FALSE,TRUE,FALSE,2021-05-18 11:26:11,17,2021-05-14 12:03:10,2021-05-18 11:26:11
"R10BP","BP","Big",43,126,NA,NA,"nurse",0.003,186,"Pathogen","NA",FALSE,TRUE,FALSE,2021-05-18 11:26:11,17,2021-05-14 12:03:10,2021-05-18 11:26:11
"R10BP","BP","Big",44,127,NA,NA,"forager",0.616,186,"Pathogen","NA",FALSE,TRUE,FALSE,2021-05-18 11:26:11,17,2021-05-14 12:03:10,2021-05-18 11:26:11
"R10BP","BP","Big",45,128,NA,NA,"nurse",0,186,"Pathogen","NA",FALSE,TRUE,FALSE,2021-05-18 11:26:11,17,2021-05-14 12:03:10,2021-05-18 11:26:11
"R10BP","BP","Big",46,169,NA,NA,"forager",0.224,186,"Pathogen","NA",FALSE,TRUE,FALSE,2021-05-18 11:26:11,17,2021-05-14 12:03:10,2021-05-18 11:26:11
"R10BP","BP","Big",47,170,NA,NA,"forager",0.149,186,"Pathogen","NA",FALSE,TRUE,FALSE,2021-05-18 11:26:11,17,2021-05-14 12:03:10,2021-05-18 11:26:11
"R10BP","BP","Big",48,171,NA,NA,"nurse",0,186,"Pathogen","NA",FALSE,TRUE,FALSE,2021-05-18 11:26:11,17,2021-05-14 12:03:10,2021-05-18 11:26:11
"R10BP","BP","Big",49,172,NA,NA,"forager",0.118,186,"Pathogen","NA",FALSE,TRUE,FALSE,2021-05-18 11:26:11,17,2021-05-14 12:03:10,2021-05-18 11:26:11
"R10BP","BP","Big",50,173,NA,NA,"forager",0.343,186,"Pathogen","NA",FALSE,TRUE,FALSE,2021-05-18 11:26:11,17,2021-05-14 12:03:10,2021-05-18 11:26:11
"R10BP","BP","Big",51,174,NA,NA,"nurse",0.001,186,"Pathogen","NA",FALSE,TRUE,FALSE,2021-05-18 11:26:11,17,2021-05-14 12:03:10,2021-05-18 11:26:11
"R10BP","BP","Big",52,175,NA,NA,"forager",0.148,186,"Pathogen","NA",FALSE,TRUE,FALSE,2021-05-18 11:26:11,17,2021-05-14 12:03:10,2021-05-18 11:26:11
"R10BP","BP","Big",53,176,NA,NA,"nurse",0.001,186,"Pathogen","NA",TRUE,TRUE,FALSE,2021-05-18 11:26:11,17,2021-05-14 12:03:10,2021-05-18 11:26:11
"R10BP","BP","Big",54,177,NA,NA,"forager",0.329,186,"Pathogen","NA",FALSE,TRUE,FALSE,2021-05-18 11:26:11,17,2021-05-14 12:03:10,2021-05-18 11:26:11
"R10BP","BP","Big",55,178,NA,NA,"nurse",0.005,186,"Pathogen","NA",FALSE,TRUE,FALSE,2021-05-18 11:26:11,17,2021-05-14 12:03:10,2021-05-18 11:26:11
"R10BP","BP","Big",56,179,NA,NA,"forager",0.104,186,"Pathogen","NA",FALSE,TRUE,FALSE,2021-05-18 11:26:11,17,2021-05-14 12:03:10,2021-05-18 11:26:11
"R10BP","BP","Big",57,180,NA,NA,"forager",0.28,186,"Pathogen","NA",FALSE,TRUE,FALSE,2021-05-18 11:26:11,17,2021-05-14 12:03:10,2021-05-18 11:26:11
"R10BP","BP","Big",58,181,NA,NA,"forager",0.464,186,"Pathogen","NA",FALSE,TRUE,FALSE,2021-05-18 11:26:11,17,2021-05-14 12:03:10,2021-05-18 11:26:11
"R10BP","BP","Big",59,182,NA,NA,"nurse",0,186,"Pathogen","NA",FALSE,TRUE,FALSE,2021-05-18 11:26:11,17,2021-05-14 12:03:10,2021-05-18 11:26:11
"R10BP","BP","Big",60,183,NA,NA,"nurse",0,186,"Pathogen","NA",FALSE,TRUE,FALSE,2021-05-18 11:26:11,17,2021-05-14 12:03:10,2021-05-18 11:26:11
"R10BP","BP","Big",61,184,NA,NA,"forager",0.098,186,"Pathogen","NA",FALSE,TRUE,FALSE,2021-05-18 11:26:11,17,2021-05-14 12:03:10,2021-05-18 11:26:11
"R10BP","BP","Big",62,185,NA,NA,"forager",0.087,186,"Pathogen","NA",FALSE,TRUE,FALSE,2021-05-18 11:26:11,17,2021-05-14 12:03:10,2021-05-18 11:26:11
"R10BP","BP","Big",63,226,NA,NA,"forager",0.057,186,"Pathogen","NA",FALSE,TRUE,FALSE,2021-05-18 11:26:11,17,2021-05-14 12:03:10,2021-05-18 11:26:11
"R10BP","BP","Big",64,227,NA,NA,"nurse",0,186,"Pathogen","NA",FALSE,TRUE,FALSE,2021-05-18 11:26:11,17,2021-05-14 12:03:10,2021-05-18 11:26:11
"R10BP","BP","Big",65,228,NA,NA,"forager",0.411,186,"Pathogen","NA",FALSE,TRUE,FALSE,2021-05-18 11:26:11,17,2021-05-14 12:03:10,2021-05-18 11:26:11
"R10BP","BP","Big",66,229,NA,NA,"nurse",0,186,"Pathogen","NA",FALSE,TRUE,FALSE,2021-05-18 11:26:11,17,2021-05-14 12:03:10,2021-05-18 11:26:11
"R10BP","BP","Big",67,230,NA,NA,"forager",0.215,186,"Pathogen","NA",FALSE,TRUE,FALSE,2021-05-18 11:26:11,17,2021-05-14 12:03:10,2021-05-18 11:26:11
"R10BP","BP","Big",68,231,NA,2021-05-16 08:32:07,NA,NA,186,"Pathogen","death",FALSE,FALSE,FALSE,2021-05-16 08:32:07,17,2021-05-14 12:03:10,2021-05-18 11:26:11
"R10BP","BP","Big",69,232,NA,NA,"nurse",0,186,"Pathogen","NA",FALSE,TRUE,FALSE,2021-05-18 11:26:11,17,2021-05-14 12:03:10,2021-05-18 11:26:11
"R10BP","BP","Big",70,233,NA,NA,"nurse",0,186,"Pathogen","NA",TRUE,TRUE,FALSE,2021-05-18 11:26:11,17,2021-05-14 12:03:10,2021-05-18 11:26:11
"R10BP","BP","Big",71,234,NA,NA,"forager",0.026,186,"Pathogen","NA",FALSE,TRUE,FALSE,2021-05-18 11:26:11,17,2021-05-14 12:03:10,2021-05-18 11:26:11
"R10BP","BP","Big",72,235,NA,NA,"nurse",0,186,"Pathogen","NA",FALSE,TRUE,FALSE,2021-05-18 11:26:11,17,2021-05-14 12:03:10,2021-05-18 11:26:11
"R10BP","BP","Big",73,236,NA,NA,"nurse",0,186,"Pathogen","NA",TRUE,TRUE,FALSE,2021-05-18 11:26:11,17,2021-05-14 12:03:10,2021-05-18 11:26:11
"R10BP","BP","Big",74,238,NA,NA,"forager",0.351,186,"Pathogen","NA",FALSE,TRUE,FALSE,2021-05-18 11:26:11,17,2021-05-14 12:03:10,2021-05-18 11:26:11
"R10BP","BP","Big",75,239,NA,NA,"forager",0.017,186,"Pathogen","NA",FALSE,TRUE,FALSE,2021-05-18 11:26:11,17,2021-05-14 12:03:10,2021-05-18 11:26:11
"R10BP","BP","Big",76,240,NA,NA,"nurse",0,186,"Pathogen","NA",TRUE,TRUE,FALSE,2021-05-18 11:26:11,17,2021-05-14 12:03:10,2021-05-18 11:26:11
"R10BP","BP","Big",77,241,NA,NA,"nurse",0,186,"Pathogen","NA",FALSE,TRUE,FALSE,2021-05-18 11:26:11,17,2021-05-14 12:03:10,2021-05-18 11:26:11
"R10BP","BP","Big",78,242,NA,NA,"nurse",0,186,"Pathogen","NA",FALSE,TRUE,FALSE,2021-05-18 11:26:11,17,2021-05-14 12:03:10,2021-05-18 11:26:11
"R10BP","BP","Big",79,283,NA,NA,"nurse",0,186,"Pathogen","NA",TRUE,TRUE,FALSE,2021-05-18 11:26:11,17,2021-05-14 12:03:10,2021-05-18 11:26:11
"R10BP","BP","Big",80,284,NA,NA,"nurse",0,186,"Pathogen","NA",FALSE,TRUE,FALSE,2021-05-18 11:26:11,17,2021-05-14 12:03:10,2021-05-18 11:26:11
"R10BP","BP","Big",81,285,NA,NA,"forager",0.343,186,"Pathogen","NA",FALSE,TRUE,FALSE,2021-05-18 11:26:11,17,2021-05-14 12:03:10,2021-05-18 11:26:11
"R10BP","BP","Big",82,287,NA,NA,"forager",0.019,186,"Pathogen","NA",FALSE,TRUE,FALSE,2021-05-18 11:26:11,17,2021-05-14 12:03:10,2021-05-18 11:26:11
"R10BP","BP","Big",83,288,NA,NA,"nurse",0.007,186,"Pathogen","NA",TRUE,TRUE,FALSE,2021-05-18 11:26:11,17,2021-05-14 12:03:10,2021-05-18 11:26:11
"R10BP","BP","Big",84,289,NA,NA,"nurse",0,186,"Pathogen","NA",TRUE,TRUE,FALSE,2021-05-18 11:26:11,17,2021-05-14 12:03:10,2021-05-18 11:26:11
"R10BP","BP","Big",85,290,NA,NA,"forager",0.106,186,"Pathogen","NA",FALSE,TRUE,FALSE,2021-05-18 11:26:11,17,2021-05-14 12:03:10,2021-05-18 11:26:11
"R10BP","BP","Big",86,291,NA,NA,"nurse",0,186,"Pathogen","NA",TRUE,TRUE,FALSE,2021-05-18 11:26:11,17,2021-05-14 12:03:10,2021-05-18 11:26:11
"R10BP","BP","Big",87,292,NA,NA,"forager",0.084,186,"Pathogen","NA",FALSE,TRUE,FALSE,2021-05-18 11:26:11,17,2021-05-14 12:03:10,2021-05-18 11:26:11
"R10BP","BP","Big",88,293,NA,NA,"forager",0.014,186,"Pathogen","NA",FALSE,TRUE,FALSE,2021-05-18 11:26:11,17,2021-05-14 12:03:10,2021-05-18 11:26:11
"R10BP","BP","Big",89,294,NA,NA,"forager",0.022,186,"Pathogen","NA",FALSE,TRUE,FALSE,2021-05-18 11:26:11,17,2021-05-14 12:03:10,2021-05-18 11:26:11
"R10BP","BP","Big",90,295,NA,NA,"nurse",0,186,"Pathogen","NA",FALSE,TRUE,FALSE,2021-05-18 11:26:11,17,2021-05-14 12:03:10,2021-05-18 11:26:11
"R10BP","BP","Big",91,296,NA,NA,"forager",0.642,186,"Pathogen","NA",FALSE,TRUE,FALSE,2021-05-18 11:26:11,17,2021-05-14 12:03:10,2021-05-18 11:26:11
"R10BP","BP","Big",92,297,NA,NA,"forager",0.042,186,"Pathogen","NA",FALSE,TRUE,FALSE,2021-05-18 11:26:11,17,2021-05-14 12:03:10,2021-05-18 11:26:11
"R10BP","BP","Big",93,298,NA,NA,"nurse",0,186,"Pathogen","NA",FALSE,TRUE,FALSE,2021-05-18 11:26:11,17,2021-05-14 12:03:10,2021-05-18 11:26:11
"R10BP","BP","Big",94,299,NA,NA,"forager",0.434,186,"Pathogen","NA",FALSE,TRUE,FALSE,2021-05-18 11:26:11,17,2021-05-14 12:03:10,2021-05-18 11:26:11
"R10BP","BP","Big",95,336,NA,NA,"nurse",0,186,"Pathogen","NA",FALSE,TRUE,FALSE,2021-05-18 11:26:11,17,2021-05-14 12:03:10,2021-05-18 11:26:11
"R10BP","BP","Big",96,337,NA,NA,"forager",0.257,186,"Pathogen","NA",FALSE,TRUE,FALSE,2021-05-18 11:26:11,17,2021-05-14 12:03:10,2021-05-18 11:26:11
"R10BP","BP","Big",97,338,NA,NA,"nurse",0,186,"Pathogen","NA",FALSE,TRUE,FALSE,2021-05-18 11:26:11,17,2021-05-14 12:03:10,2021-05-18 11:26:11
"R10BP","BP","Big",98,339,NA,NA,"forager",0.06,186,"Pathogen","NA",FALSE,TRUE,FALSE,2021-05-18 11:26:11,17,2021-05-14 12:03:10,2021-05-18 11:26:11
"R10BP","BP","Big",99,340,NA,NA,"forager",0.132,186,"Pathogen","NA",FALSE,TRUE,FALSE,2021-05-18 11:26:11,17,2021-05-14 12:03:10,2021-05-18 11:26:11
"R10BP","BP","Big",100,341,NA,NA,"nurse",0,186,"Pathogen","NA",FALSE,TRUE,FALSE,2021-05-18 11:26:11,17,2021-05-14 12:03:10,2021-05-18 11:26:11
"R10BP","BP","Big",101,342,NA,NA,"nurse",0.003,186,"Pathogen","NA",FALSE,TRUE,FALSE,2021-05-18 11:26:11,17,2021-05-14 12:03:10,2021-05-18 11:26:11
"R10BP","BP","Big",102,343,NA,NA,"nurse",0.001,186,"Pathogen","NA",FALSE,TRUE,FALSE,2021-05-18 11:26:11,17,2021-05-14 12:03:10,2021-05-18 11:26:11
"R10BP","BP","Big",103,344,NA,NA,"forager",0.017,186,"Pathogen","NA",FALSE,TRUE,FALSE,2021-05-18 11:26:11,17,2021-05-14 12:03:10,2021-05-18 11:26:11
"R10BP","BP","Big",104,345,NA,NA,"forager",0.202,186,"Pathogen","NA",FALSE,TRUE,FALSE,2021-05-18 11:26:11,17,2021-05-14 12:03:10,2021-05-18 11:26:11
"R10BP","BP","Big",105,346,NA,NA,"forager",0.109,186,"Pathogen","NA",FALSE,TRUE,FALSE,2021-05-18 11:26:11,17,2021-05-14 12:03:10,2021-05-18 11:26:11
"R10BP","BP","Big",106,347,NA,NA,"nurse",0.001,186,"Pathogen","NA",FALSE,TRUE,FALSE,2021-05-18 11:26:11,17,2021-05-14 12:03:10,2021-05-18 11:26:11
"R10BP","BP","Big",107,348,NA,NA,"forager",0.032,186,"Pathogen","NA",FALSE,TRUE,FALSE,2021-05-18 11:26:11,17,2021-05-14 12:03:10,2021-05-18 11:26:11
"R10BP","BP","Big",108,349,NA,NA,"forager",0.18,186,"Pathogen","NA",FALSE,TRUE,FALSE,2021-05-18 11:26:11,17,2021-05-14 12:03:10,2021-05-18 11:26:11
"R10BP","BP","Big",109,350,NA,NA,"nurse",0,186,"Pathogen","NA",TRUE,TRUE,FALSE,2021-05-18 11:26:11,17,2021-05-14 12:03:10,2021-05-18 11:26:11
"R10BP","BP","Big",110,351,NA,NA,"forager",0.014,186,"Pathogen","NA",FALSE,TRUE,FALSE,2021-05-18 11:26:11,17,2021-05-14 12:03:10,2021-05-18 11:26:11
"R10BP","BP","Big",111,352,NA,NA,"nurse",0,186,"Pathogen","NA",FALSE,TRUE,FALSE,2021-05-18 11:26:11,17,2021-05-14 12:03:10,2021-05-18 11:26:11
"R10BP","BP","Big",112,353,NA,NA,"nurse",0,186,"Pathogen","NA",FALSE,TRUE,FALSE,2021-05-18 11:26:11,17,2021-05-14 12:03:10,2021-05-18 11:26:11
"R10BP","BP","Big",113,354,NA,NA,"nurse",0,186,"Pathogen","NA",TRUE,TRUE,FALSE,2021-05-18 11:26:11,17,2021-05-14 12:03:10,2021-05-18 11:26:11
"R10BP","BP","Big",114,355,NA,NA,"forager",0.111,186,"Pathogen","NA",FALSE,TRUE,FALSE,2021-05-18 11:26:11,17,2021-05-14 12:03:10,2021-05-18 11:26:11
"R10BP","BP","Big",115,356,NA,NA,"forager",0.151,186,"Pathogen","NA",FALSE,TRUE,FALSE,2021-05-18 11:26:11,17,2021-05-14 12:03:10,2021-05-18 11:26:11
"R10BP","BP","Big",116,393,NA,NA,"nurse",0,186,"Pathogen","NA",FALSE,TRUE,FALSE,2021-05-18 11:26:11,17,2021-05-14 12:03:10,2021-05-18 11:26:11
"R10BP","BP","Big",117,394,NA,NA,"nurse",0,186,"Pathogen","NA",FALSE,TRUE,FALSE,2021-05-18 11:26:11,17,2021-05-14 12:03:10,2021-05-18 11:26:11
"R10BP","BP","Big",118,395,NA,NA,"forager",0.1,186,"Pathogen","NA",FALSE,TRUE,FALSE,2021-05-18 11:26:11,17,2021-05-14 12:03:10,2021-05-18 11:26:11
"R10BP","BP","Big",119,396,NA,NA,"nurse",0,186,"Pathogen","NA",FALSE,TRUE,FALSE,2021-05-18 11:26:11,17,2021-05-14 12:03:10,2021-05-18 11:26:11
"R10BP","BP","Big",120,397,NA,NA,"forager",0.135,186,"Pathogen","NA",FALSE,TRUE,FALSE,2021-05-18 11:26:11,17,2021-05-14 12:03:10,2021-05-18 11:26:11
"R10BP","BP","Big",121,398,NA,NA,"forager",0.431,186,"Pathogen","NA",FALSE,TRUE,FALSE,2021-05-18 11:26:11,17,2021-05-14 12:03:10,2021-05-18 11:26:11
"R10BP","BP","Big",122,400,NA,NA,"nurse",0,186,"Pathogen","NA",FALSE,TRUE,FALSE,2021-05-18 11:26:11,17,2021-05-14 12:03:10,2021-05-18 11:26:11
"R10BP","BP","Big",123,401,NA,NA,"forager",0.242,186,"Pathogen","NA",FALSE,TRUE,FALSE,2021-05-18 11:26:11,17,2021-05-14 12:03:10,2021-05-18 11:26:11
"R10BP","BP","Big",124,402,NA,NA,"nurse",0,186,"Pathogen","NA",FALSE,TRUE,FALSE,2021-05-18 11:26:11,17,2021-05-14 12:03:10,2021-05-18 11:26:11
"R10BP","BP","Big",125,403,NA,NA,"nurse",0,186,"Pathogen","NA",FALSE,TRUE,FALSE,2021-05-18 11:26:11,17,2021-05-14 12:03:10,2021-05-18 11:26:11
"R10BP","BP","Big",126,404,NA,NA,"nurse",0,186,"Pathogen","NA",FALSE,TRUE,FALSE,2021-05-18 11:26:11,17,2021-05-14 12:03:10,2021-05-18 11:26:11
"R10BP","BP","Big",127,405,NA,NA,"forager",0.036,186,"Pathogen","NA",FALSE,TRUE,FALSE,2021-05-18 11:26:11,17,2021-05-14 12:03:10,2021-05-18 11:26:11
"R10BP","BP","Big",128,406,NA,NA,"forager",0.015,186,"Pathogen","NA",FALSE,TRUE,FALSE,2021-05-18 11:26:11,17,2021-05-14 12:03:10,2021-05-18 11:26:11
"R10BP","BP","Big",129,407,NA,NA,"nurse",0,186,"Pathogen","NA",FALSE,TRUE,FALSE,2021-05-18 11:26:11,17,2021-05-14 12:03:10,2021-05-18 11:26:11
"R10BP","BP","Big",130,408,NA,NA,"forager",0.479,186,"Pathogen","NA",FALSE,TRUE,FALSE,2021-05-18 11:26:11,17,2021-05-14 12:03:10,2021-05-18 11:26:11
"R10BP","BP","Big",131,409,NA,NA,"forager",0.11,186,"Pathogen","NA",FALSE,TRUE,FALSE,2021-05-18 11:26:11,17,2021-05-14 12:03:10,2021-05-18 11:26:11
"R10BP","BP","Big",132,410,NA,NA,"forager",0.031,186,"Pathogen","NA",FALSE,TRUE,FALSE,2021-05-18 11:26:11,17,2021-05-14 12:03:10,2021-05-18 11:26:11
"R10BP","BP","Big",133,411,NA,NA,"nurse",0,186,"Pathogen","NA",TRUE,TRUE,FALSE,2021-05-18 11:26:11,17,2021-05-14 12:03:10,2021-05-18 11:26:11
"R10BP","BP","Big",134,412,NA,NA,"forager",0.316,186,"Pathogen","NA",FALSE,TRUE,FALSE,2021-05-18 11:26:11,17,2021-05-14 12:03:10,2021-05-18 11:26:11
"R10BP","BP","Big",135,413,NA,NA,"forager",0.282,186,"Pathogen","NA",FALSE,TRUE,FALSE,2021-05-18 11:26:11,17,2021-05-14 12:03:10,2021-05-18 11:26:11
"R10BP","BP","Big",136,450,NA,NA,"forager",0.06,186,"Pathogen","NA",FALSE,TRUE,FALSE,2021-05-18 11:26:11,17,2021-05-14 12:03:10,2021-05-18 11:26:11
"R10BP","BP","Big",137,451,NA,NA,"nurse",0,186,"Pathogen","NA",FALSE,TRUE,FALSE,2021-05-18 11:26:11,17,2021-05-14 12:03:10,2021-05-18 11:26:11
"R10BP","BP","Big",138,452,NA,NA,"nurse",0,186,"Pathogen","NA",FALSE,TRUE,FALSE,2021-05-18 11:26:11,17,2021-05-14 12:03:10,2021-05-18 11:26:11
"R10BP","BP","Big",139,454,NA,NA,"nurse",0.002,186,"Pathogen","NA",TRUE,TRUE,FALSE,2021-05-18 11:26:11,17,2021-05-14 12:03:10,2021-05-18 11:26:11
"R10BP","BP","Big",140,455,NA,NA,"nurse",0,186,"Pathogen","NA",FALSE,TRUE,FALSE,2021-05-18 11:26:11,17,2021-05-14 12:03:10,2021-05-18 11:26:11
"R10BP","BP","Big",141,456,NA,NA,"forager",0.235,186,"Pathogen","NA",FALSE,TRUE,FALSE,2021-05-18 11:26:11,17,2021-05-14 12:03:10,2021-05-18 11:26:11
"R10BP","BP","Big",142,457,NA,NA,"forager",0.147,186,"Pathogen","NA",FALSE,TRUE,FALSE,2021-05-18 11:26:11,17,2021-05-14 12:03:10,2021-05-18 11:26:11
"R10BP","BP","Big",143,459,NA,NA,"nurse",0,186,"Pathogen","NA",FALSE,TRUE,FALSE,2021-05-18 11:26:11,17,2021-05-14 12:03:10,2021-05-18 11:26:11
"R10BP","BP","Big",144,460,NA,NA,"forager",0.016,186,"Pathogen","NA",FALSE,TRUE,FALSE,2021-05-18 11:26:11,17,2021-05-14 12:03:10,2021-05-18 11:26:11
"R10BP","BP","Big",145,461,NA,NA,"forager",0.338,186,"Pathogen","NA",FALSE,TRUE,FALSE,2021-05-18 11:26:11,17,2021-05-14 12:03:10,2021-05-18 11:26:11
"R10BP","BP","Big",146,463,NA,2021-05-17 23:16:17,NA,NA,186,"Pathogen","death",FALSE,FALSE,FALSE,2021-05-17 23:16:17,17,2021-05-14 12:03:10,2021-05-18 11:26:11
"R10BP","BP","Big",147,464,NA,2021-05-17 09:07:55,NA,NA,186,"Pathogen","accident",FALSE,FALSE,FALSE,2021-05-17 09:07:55,17,2021-05-14 12:03:10,2021-05-18 11:26:11
"R10BP","BP","Big",148,465,NA,NA,"forager",0.176,186,"Pathogen","NA",FALSE,TRUE,FALSE,2021-05-18 11:26:11,17,2021-05-14 12:03:10,2021-05-18 11:26:11
"R10BP","BP","Big",149,466,NA,NA,"forager",0.385,186,"Pathogen","NA",FALSE,TRUE,FALSE,2021-05-18 11:26:11,17,2021-05-14 12:03:10,2021-05-18 11:26:11
"R10BP","BP","Big",150,467,NA,NA,"nurse",0,186,"Pathogen","NA",FALSE,TRUE,FALSE,2021-05-18 11:26:11,17,2021-05-14 12:03:10,2021-05-18 11:26:11
"R10BP","BP","Big",151,468,NA,NA,"forager",0.224,186,"Pathogen","NA",FALSE,TRUE,FALSE,2021-05-18 11:26:11,17,2021-05-14 12:03:10,2021-05-18 11:26:11
"R10BP","BP","Big",152,469,NA,NA,"nurse",0,186,"Pathogen","NA",FALSE,TRUE,FALSE,2021-05-18 11:26:11,17,2021-05-14 12:03:10,2021-05-18 11:26:11
"R10BP","BP","Big",153,510,NA,NA,"nurse",0,186,"Pathogen","NA",FALSE,TRUE,FALSE,2021-05-18 11:26:11,17,2021-05-14 12:03:10,2021-05-18 11:26:11
"R10BP","BP","Big",154,511,NA,NA,"nurse",0.003,186,"Pathogen","NA",FALSE,TRUE,FALSE,2021-05-18 11:26:11,17,2021-05-14 12:03:10,2021-05-18 11:26:11
"R10BP","BP","Big",155,512,NA,NA,"forager",0.091,186,"Pathogen","NA",FALSE,TRUE,FALSE,2021-05-18 11:26:11,17,2021-05-14 12:03:10,2021-05-18 11:26:11
"R10BP","BP","Big",156,513,NA,NA,"forager",0.046,186,"Pathogen","NA",FALSE,TRUE,FALSE,2021-05-18 11:26:11,17,2021-05-14 12:03:10,2021-05-18 11:26:11
"R10BP","BP","Big",157,514,NA,2021-05-15 08:03:13,NA,NA,186,"Pathogen","death",FALSE,FALSE,FALSE,2021-05-15 08:03:13,17,2021-05-14 12:03:10,2021-05-18 11:26:11
"R10BP","BP","Big",158,515,NA,NA,"forager",0.145,186,"Pathogen","NA",FALSE,TRUE,FALSE,2021-05-18 11:26:11,17,2021-05-14 12:03:10,2021-05-18 11:26:11
"R10BP","BP","Big",159,516,NA,NA,"forager",0.326,186,"Pathogen","NA",FALSE,TRUE,FALSE,2021-05-18 11:26:11,17,2021-05-14 12:03:10,2021-05-18 11:26:11
"R10BP","BP","Big",160,517,NA,NA,"nurse",0,186,"Pathogen","NA",FALSE,TRUE,FALSE,2021-05-18 11:26:11,17,2021-05-14 12:03:10,2021-05-18 11:26:11
"R10BP","BP","Big",161,518,NA,NA,"forager",0.077,186,"Pathogen","NA",FALSE,TRUE,FALSE,2021-05-18 11:26:11,17,2021-05-14 12:03:10,2021-05-18 11:26:11
"R10BP","BP","Big",162,519,NA,NA,"forager",0.073,186,"Pathogen","NA",FALSE,TRUE,FALSE,2021-05-18 11:26:11,17,2021-05-14 12:03:10,2021-05-18 11:26:11
"R10BP","BP","Big",163,520,NA,NA,"forager",0.034,186,"Pathogen","NA",FALSE,TRUE,FALSE,2021-05-18 11:26:11,17,2021-05-14 12:03:10,2021-05-18 11:26:11
"R10BP","BP","Big",164,521,NA,NA,"forager",0.089,186,"Pathogen","NA",FALSE,TRUE,FALSE,2021-05-18 11:26:11,17,2021-05-14 12:03:10,2021-05-18 11:26:11
"R10BP","BP","Big",165,522,NA,2021-05-15 10:05:36,NA,NA,186,"Pathogen","death",FALSE,FALSE,FALSE,2021-05-15 10:05:36,17,2021-05-14 12:03:10,2021-05-18 11:26:11
"R10BP","BP","Big",166,523,NA,NA,"nurse",0,186,"Pathogen","NA",FALSE,TRUE,FALSE,2021-05-18 11:26:11,17,2021-05-14 12:03:10,2021-05-18 11:26:11
"R10BP","BP","Big",167,524,NA,NA,"nurse",0,186,"Pathogen","NA",FALSE,TRUE,FALSE,2021-05-18 11:26:11,17,2021-05-14 12:03:10,2021-05-18 11:26:11
"R10BP","BP","Big",168,525,NA,NA,"forager",0.276,186,"Pathogen","NA",FALSE,TRUE,FALSE,2021-05-18 11:26:11,17,2021-05-14 12:03:10,2021-05-18 11:26:11
"R10BP","BP","Big",169,526,NA,NA,"forager",0.453,186,"Pathogen","NA",FALSE,TRUE,FALSE,2021-05-18 11:26:11,17,2021-05-14 12:03:10,2021-05-18 11:26:11
"R10BP","BP","Big",170,568,NA,NA,"nurse",0,186,"Pathogen","NA",FALSE,TRUE,FALSE,2021-05-18 11:26:11,17,2021-05-14 12:03:10,2021-05-18 11:26:11
"R10BP","BP","Big",171,569,NA,NA,"nurse",0,186,"Pathogen","NA",FALSE,TRUE,FALSE,2021-05-18 11:26:11,17,2021-05-14 12:03:10,2021-05-18 11:26:11
"R10BP","BP","Big",172,570,NA,NA,"forager",0.152,186,"Pathogen","NA",FALSE,TRUE,FALSE,2021-05-18 11:26:11,17,2021-05-14 12:03:10,2021-05-18 11:26:11
"R10BP","BP","Big",173,571,NA,NA,"forager",0.218,186,"Pathogen","NA",FALSE,TRUE,FALSE,2021-05-18 11:26:11,17,2021-05-14 12:03:10,2021-05-18 11:26:11
"R10BP","BP","Big",174,572,NA,NA,"forager",0.134,186,"Pathogen","NA",FALSE,TRUE,FALSE,2021-05-18 11:26:11,17,2021-05-14 12:03:10,2021-05-18 11:26:11
"R10BP","BP","Big",175,573,NA,NA,"forager",0.012,186,"Pathogen","NA",FALSE,TRUE,FALSE,2021-05-18 11:26:11,17,2021-05-14 12:03:10,2021-05-18 11:26:11
"R10BP","BP","Big",176,574,NA,NA,"nurse",0,186,"Pathogen","NA",FALSE,TRUE,FALSE,2021-05-18 11:26:11,17,2021-05-14 12:03:10,2021-05-18 11:26:11
"R10BP","BP","Big",177,575,NA,NA,"forager",0.309,186,"Pathogen","NA",FALSE,TRUE,FALSE,2021-05-18 11:26:11,17,2021-05-14 12:03:10,2021-05-18 11:26:11
"R10BP","BP","Big",178,576,NA,NA,"nurse",0,186,"Pathogen","NA",FALSE,TRUE,FALSE,2021-05-18 11:26:11,17,2021-05-14 12:03:10,2021-05-18 11:26:11
"R10BP","BP","Big",179,577,NA,NA,"nurse",0,186,"Pathogen","NA",FALSE,TRUE,FALSE,2021-05-18 11:26:11,17,2021-05-14 12:03:10,2021-05-18 11:26:11
"R10BP","BP","Big",180,578,NA,NA,"nurse",0.004,186,"Pathogen","NA",FALSE,TRUE,FALSE,2021-05-18 11:26:11,17,2021-05-14 12:03:10,2021-05-18 11:26:11
"R10BP","BP","Big",181,579,NA,NA,"nurse",0,186,"Pathogen","NA",FALSE,TRUE,FALSE,2021-05-18 11:26:11,17,2021-05-14 12:03:10,2021-05-18 11:26:11
"R10BP","BP","Big",182,580,NA,NA,"nurse",0,186,"Pathogen","NA",FALSE,TRUE,FALSE,2021-05-18 11:26:11,17,2021-05-14 12:03:10,2021-05-18 11:26:11
"R10BP","BP","Big",183,581,NA,NA,"nurse",0,186,"Pathogen","NA",FALSE,TRUE,FALSE,2021-05-18 11:26:11,17,2021-05-14 12:03:10,2021-05-18 11:26:11
"R10BP","BP","Big",184,582,NA,NA,"forager",0.307,186,"Pathogen","NA",FALSE,TRUE,FALSE,2021-05-18 11:26:11,17,2021-05-14 12:03:10,2021-05-18 11:26:11
"R10BP","BP","Big",185,583,NA,NA,"nurse",0,186,"Pathogen","NA",TRUE,TRUE,FALSE,2021-05-18 11:26:11,17,2021-05-14 12:03:10,2021-05-18 11:26:11
"R10BP","BP","Big",186,584,NA,NA,"forager",0.164,186,"Pathogen","NA",FALSE,TRUE,FALSE,2021-05-18 11:26:11,17,2021-05-14 12:03:10,2021-05-18 11:26:11
"R11BP","BP","Big",1,4,NA,NA,"queen",0,176,"Pathogen","NA",FALSE,TRUE,TRUE,2021-05-26 11:01:12,17,2021-05-22 11:27:45,2021-05-26 11:01:12
"R11BP","BP","Big",2,53,NA,NA,"forager",0.321,176,"Pathogen","NA",FALSE,TRUE,FALSE,2021-05-26 11:01:12,17,2021-05-22 11:27:45,2021-05-26 11:01:12
"R11BP","BP","Big",3,54,NA,NA,"forager",0.129,176,"Pathogen","NA",FALSE,TRUE,FALSE,2021-05-26 11:01:12,17,2021-05-22 11:27:45,2021-05-26 11:01:12
"R11BP","BP","Big",4,55,NA,NA,"forager",0.013,176,"Pathogen","NA",FALSE,TRUE,FALSE,2021-05-26 11:01:12,17,2021-05-22 11:27:45,2021-05-26 11:01:12
"R11BP","BP","Big",5,56,NA,NA,"forager",0.156,176,"Pathogen","NA",FALSE,TRUE,FALSE,2021-05-26 11:01:12,17,2021-05-22 11:27:45,2021-05-26 11:01:12
"R11BP","BP","Big",6,57,NA,NA,"nurse",0.003,176,"Pathogen","NA",FALSE,TRUE,FALSE,2021-05-26 11:01:12,17,2021-05-22 11:27:45,2021-05-26 11:01:12
"R11BP","BP","Big",7,58,NA,NA,"nurse",0,176,"Pathogen","NA",FALSE,TRUE,FALSE,2021-05-26 11:01:12,17,2021-05-22 11:27:45,2021-05-26 11:01:12
"R11BP","BP","Big",8,59,NA,NA,"forager",0.109,176,"Pathogen","NA",FALSE,TRUE,FALSE,2021-05-26 11:01:12,17,2021-05-22 11:27:45,2021-05-26 11:01:12
"R11BP","BP","Big",9,60,NA,NA,"forager",0.054,176,"Pathogen","NA",FALSE,TRUE,FALSE,2021-05-26 11:01:12,17,2021-05-22 11:27:45,2021-05-26 11:01:12
"R11BP","BP","Big",10,61,NA,NA,"forager",0.139,176,"Pathogen","NA",FALSE,TRUE,FALSE,2021-05-26 11:01:12,17,2021-05-22 11:27:45,2021-05-26 11:01:12
"R11BP","BP","Big",11,62,NA,NA,"nurse",0,176,"Pathogen","NA",FALSE,TRUE,FALSE,2021-05-26 11:01:12,17,2021-05-22 11:27:45,2021-05-26 11:01:12
"R11BP","BP","Big",12,63,NA,NA,"nurse",0,176,"Pathogen","NA",FALSE,TRUE,FALSE,2021-05-26 11:01:12,17,2021-05-22 11:27:45,2021-05-26 11:01:12
"R11BP","BP","Big",13,64,NA,NA,"forager",0.279,176,"Pathogen","NA",FALSE,TRUE,FALSE,2021-05-26 11:01:12,17,2021-05-22 11:27:45,2021-05-26 11:01:12
"R11BP","BP","Big",14,65,NA,NA,"forager",0.275,176,"Pathogen","NA",FALSE,TRUE,FALSE,2021-05-26 11:01:12,17,2021-05-22 11:27:45,2021-05-26 11:01:12
"R11BP","BP","Big",15,66,NA,NA,"forager",0.321,176,"Pathogen","NA",FALSE,TRUE,FALSE,2021-05-26 11:01:12,17,2021-05-22 11:27:45,2021-05-26 11:01:12
"R11BP","BP","Big",16,67,NA,NA,"forager",0.071,176,"Pathogen","NA",FALSE,TRUE,FALSE,2021-05-26 11:01:12,17,2021-05-22 11:27:45,2021-05-26 11:01:12
"R11BP","BP","Big",17,68,NA,NA,"nurse",0,176,"Pathogen","NA",FALSE,TRUE,FALSE,2021-05-26 11:01:12,17,2021-05-22 11:27:45,2021-05-26 11:01:12
"R11BP","BP","Big",18,69,NA,NA,"forager",0.021,176,"Pathogen","NA",FALSE,TRUE,FALSE,2021-05-26 11:01:12,17,2021-05-22 11:27:45,2021-05-26 11:01:12
"R11BP","BP","Big",19,70,NA,NA,"forager",0.099,176,"Pathogen","NA",FALSE,TRUE,FALSE,2021-05-26 11:01:12,17,2021-05-22 11:27:45,2021-05-26 11:01:12
"R11BP","BP","Big",20,71,NA,NA,"nurse",0,176,"Pathogen","NA",TRUE,TRUE,FALSE,2021-05-26 11:01:12,17,2021-05-22 11:27:45,2021-05-26 11:01:12
"R11BP","BP","Big",21,72,NA,NA,"forager",0.021,176,"Pathogen","NA",FALSE,TRUE,FALSE,2021-05-26 11:01:12,17,2021-05-22 11:27:45,2021-05-26 11:01:12
"R11BP","BP","Big",22,73,NA,NA,"forager",0.092,176,"Pathogen","NA",FALSE,TRUE,FALSE,2021-05-26 11:01:12,17,2021-05-22 11:27:45,2021-05-26 11:01:12
"R11BP","BP","Big",23,74,NA,NA,"forager",0.036,176,"Pathogen","NA",FALSE,TRUE,FALSE,2021-05-26 11:01:12,17,2021-05-22 11:27:45,2021-05-26 11:01:12
"R11BP","BP","Big",24,75,NA,NA,"nurse",0,176,"Pathogen","NA",FALSE,TRUE,FALSE,2021-05-26 11:01:12,17,2021-05-22 11:27:45,2021-05-26 11:01:12
"R11BP","BP","Big",25,76,NA,NA,"forager",0.112,176,"Pathogen","NA",FALSE,TRUE,FALSE,2021-05-26 11:01:12,17,2021-05-22 11:27:45,2021-05-26 11:01:12
"R11BP","BP","Big",26,77,NA,NA,"forager",0.092,176,"Pathogen","NA",FALSE,TRUE,FALSE,2021-05-26 11:01:12,17,2021-05-22 11:27:45,2021-05-26 11:01:12
"R11BP","BP","Big",27,78,NA,NA,"nurse",0.006,176,"Pathogen","NA",TRUE,TRUE,FALSE,2021-05-26 11:01:12,17,2021-05-22 11:27:45,2021-05-26 11:01:12
"R11BP","BP","Big",28,79,NA,NA,"nurse",0.005,176,"Pathogen","NA",TRUE,TRUE,FALSE,2021-05-26 11:01:12,17,2021-05-22 11:27:45,2021-05-26 11:01:12
"R11BP","BP","Big",29,80,NA,NA,"forager",0.027,176,"Pathogen","NA",FALSE,TRUE,FALSE,2021-05-26 11:01:12,17,2021-05-22 11:27:45,2021-05-26 11:01:12
"R11BP","BP","Big",30,81,NA,NA,"forager",0.152,176,"Pathogen","NA",FALSE,TRUE,FALSE,2021-05-26 11:01:12,17,2021-05-22 11:27:45,2021-05-26 11:01:12
"R11BP","BP","Big",31,82,NA,NA,"forager",0.068,176,"Pathogen","NA",FALSE,TRUE,FALSE,2021-05-26 11:01:12,17,2021-05-22 11:27:45,2021-05-26 11:01:12
"R11BP","BP","Big",32,142,NA,NA,"forager",0.185,176,"Pathogen","NA",FALSE,TRUE,FALSE,2021-05-26 11:01:12,17,2021-05-22 11:27:45,2021-05-26 11:01:12
"R11BP","BP","Big",33,143,NA,NA,"forager",0.306,176,"Pathogen","NA",FALSE,TRUE,FALSE,2021-05-26 11:01:12,17,2021-05-22 11:27:45,2021-05-26 11:01:12
"R11BP","BP","Big",34,144,NA,NA,"forager",0.076,176,"Pathogen","NA",FALSE,TRUE,FALSE,2021-05-26 11:01:12,17,2021-05-22 11:27:45,2021-05-26 11:01:12
"R11BP","BP","Big",35,146,NA,NA,"forager",0.065,176,"Pathogen","NA",FALSE,TRUE,FALSE,2021-05-26 11:01:12,17,2021-05-22 11:27:45,2021-05-26 11:01:12
"R11BP","BP","Big",36,147,NA,NA,"nurse",0,176,"Pathogen","NA",FALSE,TRUE,FALSE,2021-05-26 11:01:12,17,2021-05-22 11:27:45,2021-05-26 11:01:12
"R11BP","BP","Big",37,148,NA,NA,"forager",0.05,176,"Pathogen","NA",FALSE,TRUE,FALSE,2021-05-26 11:01:12,17,2021-05-22 11:27:45,2021-05-26 11:01:12
"R11BP","BP","Big",38,149,NA,NA,"forager",0.17,176,"Pathogen","NA",FALSE,TRUE,FALSE,2021-05-26 11:01:12,17,2021-05-22 11:27:45,2021-05-26 11:01:12
"R11BP","BP","Big",39,150,NA,NA,"forager",0.015,176,"Pathogen","NA",FALSE,TRUE,FALSE,2021-05-26 11:01:12,17,2021-05-22 11:27:45,2021-05-26 11:01:12
"R11BP","BP","Big",40,151,NA,NA,"forager",0.266,176,"Pathogen","NA",FALSE,TRUE,FALSE,2021-05-26 11:01:12,17,2021-05-22 11:27:45,2021-05-26 11:01:12
"R11BP","BP","Big",41,152,NA,NA,"forager",0.066,176,"Pathogen","NA",FALSE,TRUE,FALSE,2021-05-26 11:01:12,17,2021-05-22 11:27:45,2021-05-26 11:01:12
"R11BP","BP","Big",42,153,NA,NA,"forager",0.27,176,"Pathogen","NA",FALSE,TRUE,FALSE,2021-05-26 11:01:12,17,2021-05-22 11:27:45,2021-05-26 11:01:12
"R11BP","BP","Big",43,154,NA,NA,"forager",0.184,176,"Pathogen","NA",FALSE,TRUE,FALSE,2021-05-26 11:01:12,17,2021-05-22 11:27:45,2021-05-26 11:01:12
"R11BP","BP","Big",44,155,NA,NA,"nurse",0.007,176,"Pathogen","NA",FALSE,TRUE,FALSE,2021-05-26 11:01:12,17,2021-05-22 11:27:45,2021-05-26 11:01:12
"R11BP","BP","Big",45,156,NA,NA,"nurse",0,176,"Pathogen","NA",TRUE,TRUE,FALSE,2021-05-26 11:01:12,17,2021-05-22 11:27:45,2021-05-26 11:01:12
"R11BP","BP","Big",46,157,NA,NA,"forager",0.256,176,"Pathogen","NA",FALSE,TRUE,FALSE,2021-05-26 11:01:12,17,2021-05-22 11:27:45,2021-05-26 11:01:12
"R11BP","BP","Big",47,158,NA,NA,"forager",0.317,176,"Pathogen","NA",FALSE,TRUE,FALSE,2021-05-26 11:01:12,17,2021-05-22 11:27:45,2021-05-26 11:01:12
"R11BP","BP","Big",48,159,NA,NA,"forager",0.013,176,"Pathogen","NA",FALSE,TRUE,FALSE,2021-05-26 11:01:12,17,2021-05-22 11:27:45,2021-05-26 11:01:12
"R11BP","BP","Big",49,160,NA,NA,"forager",0.262,176,"Pathogen","NA",FALSE,TRUE,FALSE,2021-05-26 11:01:12,17,2021-05-22 11:27:45,2021-05-26 11:01:12
"R11BP","BP","Big",50,161,NA,NA,"forager",0.153,176,"Pathogen","NA",FALSE,TRUE,FALSE,2021-05-26 11:01:12,17,2021-05-22 11:27:45,2021-05-26 11:01:12
"R11BP","BP","Big",51,162,NA,NA,"forager",0.28,176,"Pathogen","NA",FALSE,TRUE,FALSE,2021-05-26 11:01:12,17,2021-05-22 11:27:45,2021-05-26 11:01:12
"R11BP","BP","Big",52,163,NA,NA,"nurse",0,176,"Pathogen","NA",TRUE,TRUE,FALSE,2021-05-26 11:01:12,17,2021-05-22 11:27:45,2021-05-26 11:01:12
"R11BP","BP","Big",53,164,NA,NA,"forager",0.255,176,"Pathogen","NA",FALSE,TRUE,FALSE,2021-05-26 11:01:12,17,2021-05-22 11:27:45,2021-05-26 11:01:12
"R11BP","BP","Big",54,165,NA,NA,"forager",0.154,176,"Pathogen","NA",FALSE,TRUE,FALSE,2021-05-26 11:01:12,17,2021-05-22 11:27:45,2021-05-26 11:01:12
"R11BP","BP","Big",55,166,NA,2021-05-24 15:55:59,NA,NA,176,"Pathogen","death",FALSE,FALSE,FALSE,2021-05-24 15:55:59,17,2021-05-22 11:27:45,2021-05-26 11:01:12
"R11BP","BP","Big",56,167,NA,NA,"forager",0.322,176,"Pathogen","NA",FALSE,TRUE,FALSE,2021-05-26 11:01:12,17,2021-05-22 11:27:45,2021-05-26 11:01:12
"R11BP","BP","Big",57,168,NA,NA,"nurse",0,176,"Pathogen","NA",FALSE,TRUE,FALSE,2021-05-26 11:01:12,17,2021-05-22 11:27:45,2021-05-26 11:01:12
"R11BP","BP","Big",58,169,NA,NA,"nurse",0.006,176,"Pathogen","NA",FALSE,TRUE,FALSE,2021-05-26 11:01:12,17,2021-05-22 11:27:45,2021-05-26 11:01:12
"R11BP","BP","Big",59,170,NA,NA,"forager",0.162,176,"Pathogen","NA",FALSE,TRUE,FALSE,2021-05-26 11:01:12,17,2021-05-22 11:27:45,2021-05-26 11:01:12
"R11BP","BP","Big",60,171,NA,NA,"forager",0.092,176,"Pathogen","NA",FALSE,TRUE,FALSE,2021-05-26 11:01:12,17,2021-05-22 11:27:45,2021-05-26 11:01:12
"R11BP","BP","Big",61,231,NA,NA,"nurse",0.004,176,"Pathogen","NA",FALSE,TRUE,FALSE,2021-05-26 11:01:12,17,2021-05-22 11:27:45,2021-05-26 11:01:12
"R11BP","BP","Big",62,232,NA,NA,"nurse",0,176,"Pathogen","NA",FALSE,TRUE,FALSE,2021-05-26 11:01:12,17,2021-05-22 11:27:45,2021-05-26 11:01:12
"R11BP","BP","Big",63,233,NA,NA,"nurse",0,176,"Pathogen","NA",TRUE,TRUE,FALSE,2021-05-26 11:01:12,17,2021-05-22 11:27:45,2021-05-26 11:01:12
"R11BP","BP","Big",64,234,NA,NA,"nurse",0,176,"Pathogen","NA",FALSE,TRUE,FALSE,2021-05-26 11:01:12,17,2021-05-22 11:27:45,2021-05-26 11:01:12
"R11BP","BP","Big",65,235,NA,NA,"nurse",0,176,"Pathogen","NA",FALSE,TRUE,FALSE,2021-05-26 11:01:12,17,2021-05-22 11:27:45,2021-05-26 11:01:12
"R11BP","BP","Big",66,236,NA,NA,"forager",0.05,176,"Pathogen","NA",FALSE,TRUE,FALSE,2021-05-26 11:01:12,17,2021-05-22 11:27:45,2021-05-26 11:01:12
"R11BP","BP","Big",67,237,NA,NA,"nurse",0,176,"Pathogen","NA",FALSE,TRUE,FALSE,2021-05-26 11:01:12,17,2021-05-22 11:27:45,2021-05-26 11:01:12
"R11BP","BP","Big",68,238,NA,NA,"nurse",0,176,"Pathogen","NA",TRUE,TRUE,FALSE,2021-05-26 11:01:12,17,2021-05-22 11:27:45,2021-05-26 11:01:12
"R11BP","BP","Big",69,239,NA,NA,"nurse",0,176,"Pathogen","NA",FALSE,TRUE,FALSE,2021-05-26 11:01:12,17,2021-05-22 11:27:45,2021-05-26 11:01:12
"R11BP","BP","Big",70,240,NA,NA,"forager",0.014,176,"Pathogen","NA",FALSE,TRUE,FALSE,2021-05-26 11:01:12,17,2021-05-22 11:27:45,2021-05-26 11:01:12
"R11BP","BP","Big",71,241,NA,NA,"nurse",0,176,"Pathogen","NA",FALSE,TRUE,FALSE,2021-05-26 11:01:12,17,2021-05-22 11:27:45,2021-05-26 11:01:12
"R11BP","BP","Big",72,242,NA,NA,"forager",0.033,176,"Pathogen","NA",FALSE,TRUE,FALSE,2021-05-26 11:01:12,17,2021-05-22 11:27:45,2021-05-26 11:01:12
"R11BP","BP","Big",73,243,NA,NA,"nurse",0,176,"Pathogen","NA",FALSE,TRUE,FALSE,2021-05-26 11:01:12,17,2021-05-22 11:27:45,2021-05-26 11:01:12
"R11BP","BP","Big",74,244,NA,NA,"nurse",0,176,"Pathogen","NA",FALSE,TRUE,FALSE,2021-05-26 11:01:12,17,2021-05-22 11:27:45,2021-05-26 11:01:12
"R11BP","BP","Big",75,245,NA,NA,"forager",0.031,176,"Pathogen","NA",FALSE,TRUE,FALSE,2021-05-26 11:01:12,17,2021-05-22 11:27:45,2021-05-26 11:01:12
"R11BP","BP","Big",76,246,NA,NA,"forager",0.201,176,"Pathogen","NA",FALSE,TRUE,FALSE,2021-05-26 11:01:12,17,2021-05-22 11:27:45,2021-05-26 11:01:12
"R11BP","BP","Big",77,247,NA,NA,"nurse",0,176,"Pathogen","NA",TRUE,TRUE,FALSE,2021-05-26 11:01:12,17,2021-05-22 11:27:45,2021-05-26 11:01:12
"R11BP","BP","Big",78,248,NA,NA,"forager",0.176,176,"Pathogen","NA",FALSE,TRUE,FALSE,2021-05-26 11:01:12,17,2021-05-22 11:27:45,2021-05-26 11:01:12
"R11BP","BP","Big",79,249,NA,NA,"nurse",0,176,"Pathogen","NA",FALSE,TRUE,FALSE,2021-05-26 11:01:12,17,2021-05-22 11:27:45,2021-05-26 11:01:12
"R11BP","BP","Big",80,250,NA,NA,"forager",0.05,176,"Pathogen","NA",FALSE,TRUE,FALSE,2021-05-26 11:01:12,17,2021-05-22 11:27:45,2021-05-26 11:01:12
"R11BP","BP","Big",81,251,NA,NA,"forager",0.12,176,"Pathogen","NA",FALSE,TRUE,FALSE,2021-05-26 11:01:12,17,2021-05-22 11:27:45,2021-05-26 11:01:12
"R11BP","BP","Big",82,252,NA,NA,"forager",0.052,176,"Pathogen","NA",FALSE,TRUE,FALSE,2021-05-26 11:01:12,17,2021-05-22 11:27:45,2021-05-26 11:01:12
"R11BP","BP","Big",83,253,NA,NA,"nurse",0.001,176,"Pathogen","NA",FALSE,TRUE,FALSE,2021-05-26 11:01:12,17,2021-05-22 11:27:45,2021-05-26 11:01:12
"R11BP","BP","Big",84,254,NA,NA,"forager",0.063,176,"Pathogen","NA",FALSE,TRUE,FALSE,2021-05-26 11:01:12,17,2021-05-22 11:27:45,2021-05-26 11:01:12
"R11BP","BP","Big",85,255,NA,NA,"forager",0.084,176,"Pathogen","NA",FALSE,TRUE,FALSE,2021-05-26 11:01:12,17,2021-05-22 11:27:45,2021-05-26 11:01:12
"R11BP","BP","Big",86,256,NA,NA,"forager",0.104,176,"Pathogen","NA",FALSE,TRUE,FALSE,2021-05-26 11:01:12,17,2021-05-22 11:27:45,2021-05-26 11:01:12
"R11BP","BP","Big",87,257,NA,NA,"forager",0.21,176,"Pathogen","NA",FALSE,TRUE,FALSE,2021-05-26 11:01:12,17,2021-05-22 11:27:45,2021-05-26 11:01:12
"R11BP","BP","Big",88,258,NA,NA,"forager",0.011,176,"Pathogen","NA",FALSE,TRUE,FALSE,2021-05-26 11:01:12,17,2021-05-22 11:27:45,2021-05-26 11:01:12
"R11BP","BP","Big",89,259,NA,NA,"nurse",0,176,"Pathogen","NA",TRUE,TRUE,FALSE,2021-05-26 11:01:12,17,2021-05-22 11:27:45,2021-05-26 11:01:12
"R11BP","BP","Big",90,260,NA,NA,"forager",0.144,176,"Pathogen","NA",FALSE,TRUE,FALSE,2021-05-26 11:01:12,17,2021-05-22 11:27:45,2021-05-26 11:01:12
"R11BP","BP","Big",91,320,NA,NA,"nurse",0,176,"Pathogen","NA",TRUE,TRUE,FALSE,2021-05-26 11:01:12,17,2021-05-22 11:27:45,2021-05-26 11:01:12
"R11BP","BP","Big",92,321,NA,NA,"forager",0.082,176,"Pathogen","NA",FALSE,TRUE,FALSE,2021-05-26 11:01:12,17,2021-05-22 11:27:45,2021-05-26 11:01:12
"R11BP","BP","Big",93,322,NA,NA,"forager",0.156,176,"Pathogen","NA",FALSE,TRUE,FALSE,2021-05-26 11:01:12,17,2021-05-22 11:27:45,2021-05-26 11:01:12
"R11BP","BP","Big",94,323,NA,NA,"forager",0.106,176,"Pathogen","NA",FALSE,TRUE,FALSE,2021-05-26 11:01:12,17,2021-05-22 11:27:45,2021-05-26 11:01:12
"R11BP","BP","Big",95,324,NA,NA,"forager",0.035,176,"Pathogen","NA",FALSE,TRUE,FALSE,2021-05-26 11:01:12,17,2021-05-22 11:27:45,2021-05-26 11:01:12
"R11BP","BP","Big",96,325,NA,NA,"nurse",0.006,176,"Pathogen","NA",TRUE,TRUE,FALSE,2021-05-26 11:01:12,17,2021-05-22 11:27:45,2021-05-26 11:01:12
"R11BP","BP","Big",97,326,NA,NA,"forager",0.279,176,"Pathogen","NA",FALSE,TRUE,FALSE,2021-05-26 11:01:12,17,2021-05-22 11:27:45,2021-05-26 11:01:12
"R11BP","BP","Big",98,327,NA,NA,"nurse",0,176,"Pathogen","NA",FALSE,TRUE,FALSE,2021-05-26 11:01:12,17,2021-05-22 11:27:45,2021-05-26 11:01:12
"R11BP","BP","Big",99,328,NA,NA,"nurse",0,176,"Pathogen","NA",TRUE,TRUE,FALSE,2021-05-26 11:01:12,17,2021-05-22 11:27:45,2021-05-26 11:01:12
"R11BP","BP","Big",100,329,NA,NA,"forager",0.053,176,"Pathogen","NA",FALSE,TRUE,FALSE,2021-05-26 11:01:12,17,2021-05-22 11:27:45,2021-05-26 11:01:12
"R11BP","BP","Big",101,330,NA,NA,"nurse",0.001,176,"Pathogen","NA",TRUE,TRUE,FALSE,2021-05-26 11:01:12,17,2021-05-22 11:27:45,2021-05-26 11:01:12
"R11BP","BP","Big",102,331,NA,NA,"forager",0.321,176,"Pathogen","NA",FALSE,TRUE,FALSE,2021-05-26 11:01:12,17,2021-05-22 11:27:45,2021-05-26 11:01:12
"R11BP","BP","Big",103,332,NA,NA,"forager",0.03,176,"Pathogen","NA",FALSE,TRUE,FALSE,2021-05-26 11:01:12,17,2021-05-22 11:27:45,2021-05-26 11:01:12
"R11BP","BP","Big",104,333,NA,NA,"forager",0.01,176,"Pathogen","NA",FALSE,TRUE,FALSE,2021-05-26 11:01:12,17,2021-05-22 11:27:45,2021-05-26 11:01:12
"R11BP","BP","Big",105,334,NA,NA,"forager",0.089,176,"Pathogen","NA",FALSE,TRUE,FALSE,2021-05-26 11:01:12,17,2021-05-22 11:27:45,2021-05-26 11:01:12
"R11BP","BP","Big",106,335,NA,NA,"nurse",0,176,"Pathogen","NA",FALSE,TRUE,FALSE,2021-05-26 11:01:12,17,2021-05-22 11:27:45,2021-05-26 11:01:12
"R11BP","BP","Big",107,336,NA,NA,"nurse",0,176,"Pathogen","NA",FALSE,TRUE,FALSE,2021-05-26 11:01:12,17,2021-05-22 11:27:45,2021-05-26 11:01:12
"R11BP","BP","Big",108,337,NA,NA,"forager",0.112,176,"Pathogen","NA",FALSE,TRUE,FALSE,2021-05-26 11:01:12,17,2021-05-22 11:27:45,2021-05-26 11:01:12
"R11BP","BP","Big",109,338,NA,NA,"nurse",0,176,"Pathogen","NA",FALSE,TRUE,FALSE,2021-05-26 11:01:12,17,2021-05-22 11:27:45,2021-05-26 11:01:12
"R11BP","BP","Big",110,339,NA,NA,"forager",0.184,176,"Pathogen","NA",FALSE,TRUE,FALSE,2021-05-26 11:01:12,17,2021-05-22 11:27:45,2021-05-26 11:01:12
"R11BP","BP","Big",111,340,NA,NA,"nurse",0,176,"Pathogen","NA",FALSE,TRUE,FALSE,2021-05-26 11:01:12,17,2021-05-22 11:27:45,2021-05-26 11:01:12
"R11BP","BP","Big",112,341,NA,NA,"forager",0.071,176,"Pathogen","NA",FALSE,TRUE,FALSE,2021-05-26 11:01:12,17,2021-05-22 11:27:45,2021-05-26 11:01:12
"R11BP","BP","Big",113,342,NA,NA,"forager",0.121,176,"Pathogen","NA",FALSE,TRUE,FALSE,2021-05-26 11:01:12,17,2021-05-22 11:27:45,2021-05-26 11:01:12
"R11BP","BP","Big",114,343,NA,NA,"forager",0.171,176,"Pathogen","NA",FALSE,TRUE,FALSE,2021-05-26 11:01:12,17,2021-05-22 11:27:45,2021-05-26 11:01:12
"R11BP","BP","Big",115,344,NA,NA,"forager",0.326,176,"Pathogen","NA",FALSE,TRUE,FALSE,2021-05-26 11:01:12,17,2021-05-22 11:27:45,2021-05-26 11:01:12
"R11BP","BP","Big",116,345,NA,NA,"nurse",0,176,"Pathogen","NA",FALSE,TRUE,FALSE,2021-05-26 11:01:12,17,2021-05-22 11:27:45,2021-05-26 11:01:12
"R11BP","BP","Big",117,346,NA,NA,"nurse",0.001,176,"Pathogen","NA",FALSE,TRUE,FALSE,2021-05-26 11:01:12,17,2021-05-22 11:27:45,2021-05-26 11:01:12
"R11BP","BP","Big",118,347,NA,NA,"forager",0.064,176,"Pathogen","NA",FALSE,TRUE,FALSE,2021-05-26 11:01:12,17,2021-05-22 11:27:45,2021-05-26 11:01:12
"R11BP","BP","Big",119,348,NA,NA,"forager",0.089,176,"Pathogen","NA",FALSE,TRUE,FALSE,2021-05-26 11:01:12,17,2021-05-22 11:27:45,2021-05-26 11:01:12
"R11BP","BP","Big",120,349,NA,NA,"forager",0.131,176,"Pathogen","NA",FALSE,TRUE,FALSE,2021-05-26 11:01:12,17,2021-05-22 11:27:45,2021-05-26 11:01:12
"R11BP","BP","Big",121,409,NA,NA,"forager",0.367,176,"Pathogen","NA",FALSE,TRUE,FALSE,2021-05-26 11:01:12,17,2021-05-22 11:27:45,2021-05-26 11:01:12
"R11BP","BP","Big",122,410,NA,NA,"forager",0.176,176,"Pathogen","NA",FALSE,TRUE,FALSE,2021-05-26 11:01:12,17,2021-05-22 11:27:45,2021-05-26 11:01:12
"R11BP","BP","Big",123,411,NA,NA,"forager",0.078,176,"Pathogen","NA",FALSE,TRUE,FALSE,2021-05-26 11:01:12,17,2021-05-22 11:27:45,2021-05-26 11:01:12
"R11BP","BP","Big",124,412,NA,NA,"nurse",0.002,176,"Pathogen","NA",FALSE,TRUE,FALSE,2021-05-26 11:01:12,17,2021-05-22 11:27:45,2021-05-26 11:01:12
"R11BP","BP","Big",125,414,NA,NA,"forager",0.159,176,"Pathogen","NA",FALSE,TRUE,FALSE,2021-05-26 11:01:12,17,2021-05-22 11:27:45,2021-05-26 11:01:12
"R11BP","BP","Big",126,415,NA,NA,"forager",0.199,176,"Pathogen","NA",FALSE,TRUE,FALSE,2021-05-26 11:01:12,17,2021-05-22 11:27:45,2021-05-26 11:01:12
"R11BP","BP","Big",127,416,NA,NA,"forager",0.054,176,"Pathogen","NA",FALSE,TRUE,FALSE,2021-05-26 11:01:12,17,2021-05-22 11:27:45,2021-05-26 11:01:12
"R11BP","BP","Big",128,417,NA,NA,"forager",0.015,176,"Pathogen","NA",FALSE,TRUE,FALSE,2021-05-26 11:01:12,17,2021-05-22 11:27:45,2021-05-26 11:01:12
"R11BP","BP","Big",129,418,NA,NA,"forager",0.058,176,"Pathogen","NA",FALSE,TRUE,FALSE,2021-05-26 11:01:12,17,2021-05-22 11:27:45,2021-05-26 11:01:12
"R11BP","BP","Big",130,419,NA,NA,"nurse",0.001,176,"Pathogen","NA",TRUE,TRUE,FALSE,2021-05-26 11:01:12,17,2021-05-22 11:27:45,2021-05-26 11:01:12
"R11BP","BP","Big",131,420,NA,NA,"forager",0.067,176,"Pathogen","NA",FALSE,TRUE,FALSE,2021-05-26 11:01:12,17,2021-05-22 11:27:45,2021-05-26 11:01:12
"R11BP","BP","Big",132,421,NA,NA,"nurse",0,176,"Pathogen","NA",TRUE,TRUE,FALSE,2021-05-26 11:01:12,17,2021-05-22 11:27:45,2021-05-26 11:01:12
"R11BP","BP","Big",133,422,NA,NA,"nurse",0,176,"Pathogen","NA",FALSE,TRUE,FALSE,2021-05-26 11:01:12,17,2021-05-22 11:27:45,2021-05-26 11:01:12
"R11BP","BP","Big",134,423,NA,NA,"forager",0.054,176,"Pathogen","NA",FALSE,TRUE,FALSE,2021-05-26 11:01:12,17,2021-05-22 11:27:45,2021-05-26 11:01:12
"R11BP","BP","Big",135,424,NA,NA,"forager",0.089,176,"Pathogen","NA",FALSE,TRUE,FALSE,2021-05-26 11:01:12,17,2021-05-22 11:27:45,2021-05-26 11:01:12
"R11BP","BP","Big",136,425,NA,NA,"forager",0.202,176,"Pathogen","NA",FALSE,TRUE,FALSE,2021-05-26 11:01:12,17,2021-05-22 11:27:45,2021-05-26 11:01:12
"R11BP","BP","Big",137,426,NA,NA,"forager",0.158,176,"Pathogen","NA",FALSE,TRUE,FALSE,2021-05-26 11:01:12,17,2021-05-22 11:27:45,2021-05-26 11:01:12
"R11BP","BP","Big",138,427,NA,2021-05-25 09:08:15,NA,NA,176,"Pathogen","accident",FALSE,FALSE,FALSE,2021-05-25 09:08:15,17,2021-05-22 11:27:45,2021-05-26 11:01:12
"R11BP","BP","Big",139,429,NA,NA,"forager",0.182,176,"Pathogen","NA",FALSE,TRUE,FALSE,2021-05-26 11:01:12,17,2021-05-22 11:27:45,2021-05-26 11:01:12
"R11BP","BP","Big",140,430,NA,NA,"forager",0.334,176,"Pathogen","NA",FALSE,TRUE,FALSE,2021-05-26 11:01:12,17,2021-05-22 11:27:45,2021-05-26 11:01:12
"R11BP","BP","Big",141,431,NA,NA,"forager",0.028,176,"Pathogen","NA",FALSE,TRUE,FALSE,2021-05-26 11:01:12,17,2021-05-22 11:27:45,2021-05-26 11:01:12
"R11BP","BP","Big",142,432,NA,NA,"nurse",0,176,"Pathogen","NA",FALSE,TRUE,FALSE,2021-05-26 11:01:12,17,2021-05-22 11:27:45,2021-05-26 11:01:12
"R11BP","BP","Big",143,433,NA,NA,"forager",0.182,176,"Pathogen","NA",FALSE,TRUE,FALSE,2021-05-26 11:01:12,17,2021-05-22 11:27:45,2021-05-26 11:01:12
"R11BP","BP","Big",144,434,NA,NA,"nurse",0,176,"Pathogen","NA",TRUE,TRUE,FALSE,2021-05-26 11:01:12,17,2021-05-22 11:27:45,2021-05-26 11:01:12
"R11BP","BP","Big",145,435,NA,NA,"forager",0.095,176,"Pathogen","NA",FALSE,TRUE,FALSE,2021-05-26 11:01:12,17,2021-05-22 11:27:45,2021-05-26 11:01:12
"R11BP","BP","Big",146,436,NA,NA,"nurse",0,176,"Pathogen","NA",FALSE,TRUE,FALSE,2021-05-26 11:01:12,17,2021-05-22 11:27:45,2021-05-26 11:01:12
"R11BP","BP","Big",147,437,NA,NA,"forager",0.231,176,"Pathogen","NA",FALSE,TRUE,FALSE,2021-05-26 11:01:12,17,2021-05-22 11:27:45,2021-05-26 11:01:12
"R11BP","BP","Big",148,438,NA,NA,"forager",0.105,176,"Pathogen","NA",FALSE,TRUE,FALSE,2021-05-26 11:01:12,17,2021-05-22 11:27:45,2021-05-26 11:01:12
"R11BP","BP","Big",149,498,NA,NA,"forager",0.043,176,"Pathogen","NA",FALSE,TRUE,FALSE,2021-05-26 11:01:12,17,2021-05-22 11:27:45,2021-05-26 11:01:12
"R11BP","BP","Big",150,499,NA,NA,"forager",0.021,176,"Pathogen","NA",FALSE,TRUE,FALSE,2021-05-26 11:01:12,17,2021-05-22 11:27:45,2021-05-26 11:01:12
"R11BP","BP","Big",151,500,NA,NA,"forager",0.092,176,"Pathogen","NA",FALSE,TRUE,FALSE,2021-05-26 11:01:12,17,2021-05-22 11:27:45,2021-05-26 11:01:12
"R11BP","BP","Big",152,501,NA,NA,"forager",0.232,176,"Pathogen","NA",FALSE,TRUE,FALSE,2021-05-26 11:01:12,17,2021-05-22 11:27:45,2021-05-26 11:01:12
"R11BP","BP","Big",153,502,NA,NA,"forager",0.027,176,"Pathogen","NA",FALSE,TRUE,FALSE,2021-05-26 11:01:12,17,2021-05-22 11:27:45,2021-05-26 11:01:12
"R11BP","BP","Big",154,503,NA,NA,"forager",0.055,176,"Pathogen","NA",FALSE,TRUE,FALSE,2021-05-26 11:01:12,17,2021-05-22 11:27:45,2021-05-26 11:01:12
"R11BP","BP","Big",155,504,NA,NA,"forager",0.034,176,"Pathogen","NA",FALSE,TRUE,FALSE,2021-05-26 11:01:12,17,2021-05-22 11:27:45,2021-05-26 11:01:12
"R11BP","BP","Big",156,505,NA,NA,"nurse",0,176,"Pathogen","NA",FALSE,TRUE,FALSE,2021-05-26 11:01:12,17,2021-05-22 11:27:45,2021-05-26 11:01:12
"R11BP","BP","Big",157,506,NA,NA,"forager",0.036,176,"Pathogen","NA",FALSE,TRUE,FALSE,2021-05-26 11:01:12,17,2021-05-22 11:27:45,2021-05-26 11:01:12
"R11BP","BP","Big",158,507,NA,NA,"nurse",0,176,"Pathogen","NA",FALSE,TRUE,FALSE,2021-05-26 11:01:12,17,2021-05-22 11:27:45,2021-05-26 11:01:12
"R11BP","BP","Big",159,508,NA,NA,"nurse",0,176,"Pathogen","NA",FALSE,TRUE,FALSE,2021-05-26 11:01:12,17,2021-05-22 11:27:45,2021-05-26 11:01:12
"R11BP","BP","Big",160,509,NA,NA,"forager",0.102,176,"Pathogen","NA",FALSE,TRUE,FALSE,2021-05-26 11:01:12,17,2021-05-22 11:27:45,2021-05-26 11:01:12
"R11BP","BP","Big",161,510,NA,NA,"nurse",0.002,176,"Pathogen","NA",TRUE,TRUE,FALSE,2021-05-26 11:01:12,17,2021-05-22 11:27:45,2021-05-26 11:01:12
"R11BP","BP","Big",162,511,NA,NA,"nurse",0.007,176,"Pathogen","NA",FALSE,TRUE,FALSE,2021-05-26 11:01:12,17,2021-05-22 11:27:45,2021-05-26 11:01:12
"R11BP","BP","Big",163,512,NA,NA,"nurse",0,176,"Pathogen","NA",FALSE,TRUE,FALSE,2021-05-26 11:01:12,17,2021-05-22 11:27:45,2021-05-26 11:01:12
"R11BP","BP","Big",164,513,NA,NA,"forager",0.048,176,"Pathogen","NA",FALSE,TRUE,FALSE,2021-05-26 11:01:12,17,2021-05-22 11:27:45,2021-05-26 11:01:12
"R11BP","BP","Big",165,514,NA,NA,"nurse",0,176,"Pathogen","NA",FALSE,TRUE,FALSE,2021-05-26 11:01:12,17,2021-05-22 11:27:45,2021-05-26 11:01:12
"R11BP","BP","Big",166,515,NA,NA,"forager",0.123,176,"Pathogen","NA",FALSE,TRUE,FALSE,2021-05-26 11:01:12,17,2021-05-22 11:27:45,2021-05-26 11:01:12
"R11BP","BP","Big",167,516,NA,NA,"forager",0.144,176,"Pathogen","NA",FALSE,TRUE,FALSE,2021-05-26 11:01:12,17,2021-05-22 11:27:45,2021-05-26 11:01:12
"R11BP","BP","Big",168,517,NA,NA,"nurse",0,176,"Pathogen","NA",FALSE,TRUE,FALSE,2021-05-26 11:01:12,17,2021-05-22 11:27:45,2021-05-26 11:01:12
"R11BP","BP","Big",169,518,NA,NA,"forager",0.242,176,"Pathogen","NA",FALSE,TRUE,FALSE,2021-05-26 11:01:12,17,2021-05-22 11:27:45,2021-05-26 11:01:12
"R11BP","BP","Big",170,519,NA,2021-05-25 09:06:30,NA,NA,176,"Pathogen","accident",FALSE,FALSE,FALSE,2021-05-25 09:06:30,17,2021-05-22 11:27:45,2021-05-26 11:01:12
"R11BP","BP","Big",171,520,NA,NA,"nurse",0.01,176,"Pathogen","NA",FALSE,TRUE,FALSE,2021-05-26 11:01:12,17,2021-05-22 11:27:45,2021-05-26 11:01:12
"R11BP","BP","Big",172,521,NA,NA,"forager",0.03,176,"Pathogen","NA",FALSE,TRUE,FALSE,2021-05-26 11:01:12,17,2021-05-22 11:27:45,2021-05-26 11:01:12
"R11BP","BP","Big",173,522,NA,NA,"nurse",0.009,176,"Pathogen","NA",FALSE,TRUE,FALSE,2021-05-26 11:01:12,17,2021-05-22 11:27:45,2021-05-26 11:01:12
"R11BP","BP","Big",174,523,NA,NA,"forager",0.062,176,"Pathogen","NA",FALSE,TRUE,FALSE,2021-05-26 11:01:12,17,2021-05-22 11:27:45,2021-05-26 11:01:12
"R11BP","BP","Big",175,524,NA,NA,"nurse",0,176,"Pathogen","NA",FALSE,TRUE,FALSE,2021-05-26 11:01:12,17,2021-05-22 11:27:45,2021-05-26 11:01:12
"R11BP","BP","Big",176,527,NA,NA,"nurse",0,176,"Pathogen","NA",FALSE,TRUE,FALSE,2021-05-26 11:01:12,17,2021-05-22 11:27:45,2021-05-26 11:01:12
"R11BS","BS","Big",1,3,NA,NA,"queen",0,195,"Sham","NA",FALSE,TRUE,TRUE,2021-05-25 11:52:59,17,2021-05-21 10:25:16,2021-05-25 11:52:59
"R11BS","BS","Big",2,13,NA,NA,"nurse",0,195,"Sham","NA",FALSE,TRUE,FALSE,2021-05-25 11:52:59,17,2021-05-21 10:25:16,2021-05-25 11:52:59
"R11BS","BS","Big",3,14,NA,NA,"nurse",0,195,"Sham","NA",FALSE,TRUE,FALSE,2021-05-25 11:52:59,17,2021-05-21 10:25:16,2021-05-25 11:52:59
"R11BS","BS","Big",4,16,NA,NA,"nurse",0.001,195,"Sham","NA",FALSE,TRUE,FALSE,2021-05-25 11:52:59,17,2021-05-21 10:25:16,2021-05-25 11:52:59
"R11BS","BS","Big",5,27,NA,NA,"forager",0.161,195,"Sham","NA",FALSE,TRUE,FALSE,2021-05-25 11:52:59,17,2021-05-21 10:25:16,2021-05-25 11:52:59
"R11BS","BS","Big",6,28,NA,NA,"nurse",0,195,"Sham","NA",FALSE,TRUE,FALSE,2021-05-25 11:52:59,17,2021-05-21 10:25:16,2021-05-25 11:52:59
"R11BS","BS","Big",7,29,NA,NA,"nurse",0.004,195,"Sham","NA",FALSE,TRUE,FALSE,2021-05-25 11:52:59,17,2021-05-21 10:25:16,2021-05-25 11:52:59
"R11BS","BS","Big",8,30,NA,NA,"nurse",0,195,"Sham","NA",FALSE,TRUE,FALSE,2021-05-25 11:52:59,17,2021-05-21 10:25:16,2021-05-25 11:52:59
"R11BS","BS","Big",9,31,NA,NA,"nurse",0,195,"Sham","NA",FALSE,TRUE,FALSE,2021-05-25 11:52:59,17,2021-05-21 10:25:16,2021-05-25 11:52:59
"R11BS","BS","Big",10,32,NA,NA,"nurse",0,195,"Sham","NA",FALSE,TRUE,FALSE,2021-05-25 11:52:59,17,2021-05-21 10:25:16,2021-05-25 11:52:59
"R11BS","BS","Big",11,33,NA,NA,"nurse",0.006,195,"Sham","NA",FALSE,TRUE,FALSE,2021-05-25 11:52:59,17,2021-05-21 10:25:16,2021-05-25 11:52:59
"R11BS","BS","Big",12,34,NA,NA,"nurse",0.002,195,"Sham","NA",FALSE,TRUE,FALSE,2021-05-25 11:52:59,17,2021-05-21 10:25:16,2021-05-25 11:52:59
"R11BS","BS","Big",13,35,NA,NA,"nurse",0.002,195,"Sham","NA",FALSE,TRUE,FALSE,2021-05-25 11:52:59,17,2021-05-21 10:25:16,2021-05-25 11:52:59
"R11BS","BS","Big",14,36,NA,NA,"forager",0.064,195,"Sham","NA",FALSE,TRUE,FALSE,2021-05-25 11:52:59,17,2021-05-21 10:25:16,2021-05-25 11:52:59
"R11BS","BS","Big",15,37,NA,NA,"forager",0.229,195,"Sham","NA",FALSE,TRUE,FALSE,2021-05-25 11:52:59,17,2021-05-21 10:25:16,2021-05-25 11:52:59
"R11BS","BS","Big",16,38,NA,NA,"nurse",0,195,"Sham","NA",FALSE,TRUE,FALSE,2021-05-25 11:52:59,17,2021-05-21 10:25:16,2021-05-25 11:52:59
"R11BS","BS","Big",17,39,NA,NA,"forager",0.055,195,"Sham","NA",FALSE,TRUE,FALSE,2021-05-25 11:52:59,17,2021-05-21 10:25:16,2021-05-25 11:52:59
"R11BS","BS","Big",18,40,NA,NA,"forager",0.229,195,"Sham","NA",FALSE,TRUE,FALSE,2021-05-25 11:52:59,17,2021-05-21 10:25:16,2021-05-25 11:52:59
"R11BS","BS","Big",19,41,NA,NA,"nurse",0,195,"Sham","NA",FALSE,TRUE,FALSE,2021-05-25 11:52:59,17,2021-05-21 10:25:16,2021-05-25 11:52:59
"R11BS","BS","Big",20,42,NA,NA,"forager",0.02,195,"Sham","NA",FALSE,TRUE,FALSE,2021-05-25 11:52:59,17,2021-05-21 10:25:16,2021-05-25 11:52:59
"R11BS","BS","Big",21,43,NA,NA,"forager",0.022,195,"Sham","NA",FALSE,TRUE,FALSE,2021-05-25 11:52:59,17,2021-05-21 10:25:16,2021-05-25 11:52:59
"R11BS","BS","Big",22,44,NA,NA,"forager",0.286,195,"Sham","NA",FALSE,TRUE,FALSE,2021-05-25 11:52:59,17,2021-05-21 10:25:16,2021-05-25 11:52:59
"R11BS","BS","Big",23,45,NA,NA,"nurse",0,195,"Sham","NA",TRUE,TRUE,FALSE,2021-05-25 11:52:59,17,2021-05-21 10:25:16,2021-05-25 11:52:59
"R11BS","BS","Big",24,46,NA,NA,"forager",0.101,195,"Sham","NA",FALSE,TRUE,FALSE,2021-05-25 11:52:59,17,2021-05-21 10:25:16,2021-05-25 11:52:59
"R11BS","BS","Big",25,47,NA,NA,"nurse",0.003,195,"Sham","NA",TRUE,TRUE,FALSE,2021-05-25 11:52:59,17,2021-05-21 10:25:16,2021-05-25 11:52:59
"R11BS","BS","Big",26,48,NA,NA,"forager",0.103,195,"Sham","NA",FALSE,TRUE,FALSE,2021-05-25 11:52:59,17,2021-05-21 10:25:16,2021-05-25 11:52:59
"R11BS","BS","Big",27,49,NA,NA,"nurse",0,195,"Sham","NA",FALSE,TRUE,FALSE,2021-05-25 11:52:59,17,2021-05-21 10:25:16,2021-05-25 11:52:59
"R11BS","BS","Big",28,50,NA,NA,"nurse",0.002,195,"Sham","NA",FALSE,TRUE,FALSE,2021-05-25 11:52:59,17,2021-05-21 10:25:16,2021-05-25 11:52:59
"R11BS","BS","Big",29,51,NA,NA,"forager",0.126,195,"Sham","NA",FALSE,TRUE,FALSE,2021-05-25 11:52:59,17,2021-05-21 10:25:16,2021-05-25 11:52:59
"R11BS","BS","Big",30,52,NA,NA,"nurse",0.001,195,"Sham","NA",TRUE,TRUE,FALSE,2021-05-25 11:52:59,17,2021-05-21 10:25:16,2021-05-25 11:52:59
"R11BS","BS","Big",31,102,NA,NA,"nurse",0,195,"Sham","NA",FALSE,TRUE,FALSE,2021-05-25 11:52:59,17,2021-05-21 10:25:16,2021-05-25 11:52:59
"R11BS","BS","Big",32,103,NA,NA,"nurse",0,195,"Sham","NA",FALSE,TRUE,FALSE,2021-05-25 11:52:59,17,2021-05-21 10:25:16,2021-05-25 11:52:59
"R11BS","BS","Big",33,105,NA,NA,"nurse",0,195,"Sham","NA",FALSE,TRUE,FALSE,2021-05-25 11:52:59,17,2021-05-21 10:25:16,2021-05-25 11:52:59
"R11BS","BS","Big",34,116,NA,NA,"nurse",0,195,"Sham","NA",FALSE,TRUE,FALSE,2021-05-25 11:52:59,17,2021-05-21 10:25:16,2021-05-25 11:52:59
"R11BS","BS","Big",35,117,NA,NA,"forager",0.122,195,"Sham","NA",FALSE,TRUE,FALSE,2021-05-25 11:52:59,17,2021-05-21 10:25:16,2021-05-25 11:52:59
"R11BS","BS","Big",36,119,NA,NA,"nurse",0,195,"Sham","NA",FALSE,TRUE,FALSE,2021-05-25 11:52:59,17,2021-05-21 10:25:16,2021-05-25 11:52:59
"R11BS","BS","Big",37,121,NA,NA,"nurse",0,195,"Sham","NA",FALSE,TRUE,FALSE,2021-05-25 11:52:59,17,2021-05-21 10:25:16,2021-05-25 11:52:59
"R11BS","BS","Big",38,123,NA,NA,"nurse",0,195,"Sham","NA",FALSE,TRUE,FALSE,2021-05-25 11:52:59,17,2021-05-21 10:25:16,2021-05-25 11:52:59
"R11BS","BS","Big",39,124,NA,2021-05-21 11:31:38,NA,NA,195,"Sham","death",FALSE,FALSE,FALSE,2021-05-21 11:31:38,17,2021-05-21 10:25:16,2021-05-25 11:52:59
"R11BS","BS","Big",40,125,NA,NA,"forager",0.021,195,"Sham","NA",FALSE,TRUE,FALSE,2021-05-25 11:52:59,17,2021-05-21 10:25:16,2021-05-25 11:52:59
"R11BS","BS","Big",41,126,NA,NA,"nurse",0.003,195,"Sham","NA",TRUE,TRUE,FALSE,2021-05-25 11:52:59,17,2021-05-21 10:25:16,2021-05-25 11:52:59
"R11BS","BS","Big",42,127,NA,NA,"nurse",0.001,195,"Sham","NA",FALSE,TRUE,FALSE,2021-05-25 11:52:59,17,2021-05-21 10:25:16,2021-05-25 11:52:59
"R11BS","BS","Big",43,128,NA,NA,"forager",0.017,195,"Sham","NA",FALSE,TRUE,FALSE,2021-05-25 11:52:59,17,2021-05-21 10:25:16,2021-05-25 11:52:59
"R11BS","BS","Big",44,129,NA,NA,"forager",0.05,195,"Sham","NA",FALSE,TRUE,FALSE,2021-05-25 11:52:59,17,2021-05-21 10:25:16,2021-05-25 11:52:59
"R11BS","BS","Big",45,130,NA,NA,"forager",0.096,195,"Sham","NA",FALSE,TRUE,FALSE,2021-05-25 11:52:59,17,2021-05-21 10:25:16,2021-05-25 11:52:59
"R11BS","BS","Big",46,131,NA,NA,"nurse",0.001,195,"Sham","NA",TRUE,TRUE,FALSE,2021-05-25 11:52:59,17,2021-05-21 10:25:16,2021-05-25 11:52:59
"R11BS","BS","Big",47,132,NA,NA,"nurse",0,195,"Sham","NA",FALSE,TRUE,FALSE,2021-05-25 11:52:59,17,2021-05-21 10:25:16,2021-05-25 11:52:59
"R11BS","BS","Big",48,134,NA,NA,"nurse",0,195,"Sham","NA",FALSE,TRUE,FALSE,2021-05-25 11:52:59,17,2021-05-21 10:25:16,2021-05-25 11:52:59
"R11BS","BS","Big",49,135,NA,NA,"nurse",0.001,195,"Sham","NA",FALSE,TRUE,FALSE,2021-05-25 11:52:59,17,2021-05-21 10:25:16,2021-05-25 11:52:59
"R11BS","BS","Big",50,136,NA,NA,"nurse",0.005,195,"Sham","NA",FALSE,TRUE,FALSE,2021-05-25 11:52:59,17,2021-05-21 10:25:16,2021-05-25 11:52:59
"R11BS","BS","Big",51,137,NA,NA,"forager",0.205,195,"Sham","NA",FALSE,TRUE,FALSE,2021-05-25 11:52:59,17,2021-05-21 10:25:16,2021-05-25 11:52:59
"R11BS","BS","Big",52,138,NA,NA,"forager",0.014,195,"Sham","NA",FALSE,TRUE,FALSE,2021-05-25 11:52:59,17,2021-05-21 10:25:16,2021-05-25 11:52:59
"R11BS","BS","Big",53,139,NA,NA,"forager",0.107,195,"Sham","NA",FALSE,TRUE,FALSE,2021-05-25 11:52:59,17,2021-05-21 10:25:16,2021-05-25 11:52:59
"R11BS","BS","Big",54,140,NA,NA,"forager",0.053,195,"Sham","NA",FALSE,TRUE,FALSE,2021-05-25 11:52:59,17,2021-05-21 10:25:16,2021-05-25 11:52:59
"R11BS","BS","Big",55,141,NA,NA,"forager",0.018,195,"Sham","NA",FALSE,TRUE,FALSE,2021-05-25 11:52:59,17,2021-05-21 10:25:16,2021-05-25 11:52:59
"R11BS","BS","Big",56,191,NA,NA,"nurse",0,195,"Sham","NA",FALSE,TRUE,FALSE,2021-05-25 11:52:59,17,2021-05-21 10:25:16,2021-05-25 11:52:59
"R11BS","BS","Big",57,192,NA,NA,"nurse",0.002,195,"Sham","NA",FALSE,TRUE,FALSE,2021-05-25 11:52:59,17,2021-05-21 10:25:16,2021-05-25 11:52:59
"R11BS","BS","Big",58,193,NA,NA,"nurse",0,195,"Sham","NA",FALSE,TRUE,FALSE,2021-05-25 11:52:59,17,2021-05-21 10:25:16,2021-05-25 11:52:59
"R11BS","BS","Big",59,194,NA,NA,"nurse",0,195,"Sham","NA",FALSE,TRUE,FALSE,2021-05-25 11:52:59,17,2021-05-21 10:25:16,2021-05-25 11:52:59
"R11BS","BS","Big",60,205,NA,NA,"forager",0.044,195,"Sham","NA",FALSE,TRUE,FALSE,2021-05-25 11:52:59,17,2021-05-21 10:25:16,2021-05-25 11:52:59
"R11BS","BS","Big",61,206,NA,NA,"nurse",0,195,"Sham","NA",TRUE,TRUE,FALSE,2021-05-25 11:52:59,17,2021-05-21 10:25:16,2021-05-25 11:52:59
"R11BS","BS","Big",62,207,NA,NA,"forager",0.04,195,"Sham","NA",FALSE,TRUE,FALSE,2021-05-25 11:52:59,17,2021-05-21 10:25:16,2021-05-25 11:52:59
"R11BS","BS","Big",63,208,NA,NA,"nurse",0,195,"Sham","NA",FALSE,TRUE,FALSE,2021-05-25 11:52:59,17,2021-05-21 10:25:16,2021-05-25 11:52:59
"R11BS","BS","Big",64,209,NA,NA,"forager",0.031,195,"Sham","NA",FALSE,TRUE,FALSE,2021-05-25 11:52:59,17,2021-05-21 10:25:16,2021-05-25 11:52:59
"R11BS","BS","Big",65,210,NA,NA,"forager",0.034,195,"Sham","NA",FALSE,TRUE,FALSE,2021-05-25 11:52:59,17,2021-05-21 10:25:16,2021-05-25 11:52:59
"R11BS","BS","Big",66,211,NA,NA,"nurse",0,195,"Sham","NA",TRUE,TRUE,FALSE,2021-05-25 11:52:59,17,2021-05-21 10:25:16,2021-05-25 11:52:59
"R11BS","BS","Big",67,212,NA,NA,"forager",0.288,195,"Sham","NA",FALSE,TRUE,FALSE,2021-05-25 11:52:59,17,2021-05-21 10:25:16,2021-05-25 11:52:59
"R11BS","BS","Big",68,213,NA,NA,"nurse",0,195,"Sham","NA",FALSE,TRUE,FALSE,2021-05-25 11:52:59,17,2021-05-21 10:25:16,2021-05-25 11:52:59
"R11BS","BS","Big",69,214,NA,NA,"nurse",0,195,"Sham","NA",FALSE,TRUE,FALSE,2021-05-25 11:52:59,17,2021-05-21 10:25:16,2021-05-25 11:52:59
"R11BS","BS","Big",70,215,NA,NA,"nurse",0,195,"Sham","NA",FALSE,TRUE,FALSE,2021-05-25 11:52:59,17,2021-05-21 10:25:16,2021-05-25 11:52:59
"R11BS","BS","Big",71,216,NA,NA,"forager",0.012,195,"Sham","NA",FALSE,TRUE,FALSE,2021-05-25 11:52:59,17,2021-05-21 10:25:16,2021-05-25 11:52:59
"R11BS","BS","Big",72,217,NA,NA,"nurse",0,195,"Sham","NA",FALSE,TRUE,FALSE,2021-05-25 11:52:59,17,2021-05-21 10:25:16,2021-05-25 11:52:59
"R11BS","BS","Big",73,218,NA,NA,"forager",0.011,195,"Sham","NA",FALSE,TRUE,FALSE,2021-05-25 11:52:59,17,2021-05-21 10:25:16,2021-05-25 11:52:59
"R11BS","BS","Big",74,219,NA,NA,"forager",0.424,195,"Sham","NA",FALSE,TRUE,FALSE,2021-05-25 11:52:59,17,2021-05-21 10:25:16,2021-05-25 11:52:59
"R11BS","BS","Big",75,220,NA,NA,"nurse",0,195,"Sham","NA",TRUE,TRUE,FALSE,2021-05-25 11:52:59,17,2021-05-21 10:25:16,2021-05-25 11:52:59
"R11BS","BS","Big",76,222,NA,NA,"forager",0.025,195,"Sham","NA",FALSE,TRUE,FALSE,2021-05-25 11:52:59,17,2021-05-21 10:25:16,2021-05-25 11:52:59
"R11BS","BS","Big",77,223,NA,NA,"forager",0.097,195,"Sham","NA",FALSE,TRUE,FALSE,2021-05-25 11:52:59,17,2021-05-21 10:25:16,2021-05-25 11:52:59
"R11BS","BS","Big",78,224,NA,NA,"forager",0.696,195,"Sham","NA",FALSE,TRUE,FALSE,2021-05-25 11:52:59,17,2021-05-21 10:25:16,2021-05-25 11:52:59
"R11BS","BS","Big",79,225,NA,NA,"forager",0.087,195,"Sham","NA",FALSE,TRUE,FALSE,2021-05-25 11:52:59,17,2021-05-21 10:25:16,2021-05-25 11:52:59
"R11BS","BS","Big",80,226,NA,NA,"forager",0.087,195,"Sham","NA",FALSE,TRUE,FALSE,2021-05-25 11:52:59,17,2021-05-21 10:25:16,2021-05-25 11:52:59
"R11BS","BS","Big",81,227,NA,NA,"forager",0.148,195,"Sham","NA",FALSE,TRUE,FALSE,2021-05-25 11:52:59,17,2021-05-21 10:25:16,2021-05-25 11:52:59
"R11BS","BS","Big",82,228,NA,NA,"forager",0.014,195,"Sham","NA",FALSE,TRUE,FALSE,2021-05-25 11:52:59,17,2021-05-21 10:25:16,2021-05-25 11:52:59
"R11BS","BS","Big",83,229,NA,NA,"nurse",0,195,"Sham","NA",FALSE,TRUE,FALSE,2021-05-25 11:52:59,17,2021-05-21 10:25:16,2021-05-25 11:52:59
"R11BS","BS","Big",84,230,NA,NA,"forager",0.117,195,"Sham","NA",FALSE,TRUE,FALSE,2021-05-25 11:52:59,17,2021-05-21 10:25:16,2021-05-25 11:52:59
"R11BS","BS","Big",85,280,NA,NA,"nurse",0,195,"Sham","NA",TRUE,TRUE,FALSE,2021-05-25 11:52:59,17,2021-05-21 10:25:16,2021-05-25 11:52:59
"R11BS","BS","Big",86,282,NA,NA,"nurse",0,195,"Sham","NA",FALSE,TRUE,FALSE,2021-05-25 11:52:59,17,2021-05-21 10:25:16,2021-05-25 11:52:59
"R11BS","BS","Big",87,283,NA,NA,"nurse",0.005,195,"Sham","NA",FALSE,TRUE,FALSE,2021-05-25 11:52:59,17,2021-05-21 10:25:16,2021-05-25 11:52:59
"R11BS","BS","Big",88,294,NA,NA,"nurse",0.001,195,"Sham","NA",TRUE,TRUE,FALSE,2021-05-25 11:52:59,17,2021-05-21 10:25:16,2021-05-25 11:52:59
"R11BS","BS","Big",89,295,NA,NA,"forager",0.288,195,"Sham","NA",FALSE,TRUE,FALSE,2021-05-25 11:52:59,17,2021-05-21 10:25:16,2021-05-25 11:52:59
"R11BS","BS","Big",90,296,NA,NA,"nurse",0,195,"Sham","NA",FALSE,TRUE,FALSE,2021-05-25 11:52:59,17,2021-05-21 10:25:16,2021-05-25 11:52:59
"R11BS","BS","Big",91,297,NA,NA,"nurse",0.007,195,"Sham","NA",TRUE,TRUE,FALSE,2021-05-25 11:52:59,17,2021-05-21 10:25:16,2021-05-25 11:52:59
"R11BS","BS","Big",92,298,NA,NA,"nurse",0,195,"Sham","NA",FALSE,TRUE,FALSE,2021-05-25 11:52:59,17,2021-05-21 10:25:16,2021-05-25 11:52:59
"R11BS","BS","Big",93,299,NA,NA,"nurse",0,195,"Sham","NA",FALSE,TRUE,FALSE,2021-05-25 11:52:59,17,2021-05-21 10:25:16,2021-05-25 11:52:59
"R11BS","BS","Big",94,300,NA,NA,"nurse",0,195,"Sham","NA",FALSE,TRUE,FALSE,2021-05-25 11:52:59,17,2021-05-21 10:25:16,2021-05-25 11:52:59
"R11BS","BS","Big",95,301,NA,NA,"nurse",0.005,195,"Sham","NA",FALSE,TRUE,FALSE,2021-05-25 11:52:59,17,2021-05-21 10:25:16,2021-05-25 11:52:59
"R11BS","BS","Big",96,302,NA,NA,"forager",0.044,195,"Sham","NA",FALSE,TRUE,FALSE,2021-05-25 11:52:59,17,2021-05-21 10:25:16,2021-05-25 11:52:59
"R11BS","BS","Big",97,303,NA,NA,"nurse",0.001,195,"Sham","NA",FALSE,TRUE,FALSE,2021-05-25 11:52:59,17,2021-05-21 10:25:16,2021-05-25 11:52:59
"R11BS","BS","Big",98,304,NA,NA,"forager",0.137,195,"Sham","NA",FALSE,TRUE,FALSE,2021-05-25 11:52:59,17,2021-05-21 10:25:16,2021-05-25 11:52:59
"R11BS","BS","Big",99,305,NA,NA,"forager",0.047,195,"Sham","NA",FALSE,TRUE,FALSE,2021-05-25 11:52:59,17,2021-05-21 10:25:16,2021-05-25 11:52:59
"R11BS","BS","Big",100,306,NA,NA,"forager",0.066,195,"Sham","NA",FALSE,TRUE,FALSE,2021-05-25 11:52:59,17,2021-05-21 10:25:16,2021-05-25 11:52:59
"R11BS","BS","Big",101,307,NA,NA,"forager",0.245,195,"Sham","NA",FALSE,TRUE,FALSE,2021-05-25 11:52:59,17,2021-05-21 10:25:16,2021-05-25 11:52:59
"R11BS","BS","Big",102,308,NA,NA,"nurse",0,195,"Sham","NA",FALSE,TRUE,FALSE,2021-05-25 11:52:59,17,2021-05-21 10:25:16,2021-05-25 11:52:59
"R11BS","BS","Big",103,309,NA,NA,"forager",0.117,195,"Sham","NA",FALSE,TRUE,FALSE,2021-05-25 11:52:59,17,2021-05-21 10:25:16,2021-05-25 11:52:59
"R11BS","BS","Big",104,310,NA,NA,"forager",0.056,195,"Sham","NA",FALSE,TRUE,FALSE,2021-05-25 11:52:59,17,2021-05-21 10:25:16,2021-05-25 11:52:59
"R11BS","BS","Big",105,311,NA,NA,"nurse",0,195,"Sham","NA",TRUE,TRUE,FALSE,2021-05-25 11:52:59,17,2021-05-21 10:25:16,2021-05-25 11:52:59
"R11BS","BS","Big",106,312,NA,NA,"nurse",0,195,"Sham","NA",FALSE,TRUE,FALSE,2021-05-25 11:52:59,17,2021-05-21 10:25:16,2021-05-25 11:52:59
"R11BS","BS","Big",107,313,NA,NA,"forager",0.095,195,"Sham","NA",FALSE,TRUE,FALSE,2021-05-25 11:52:59,17,2021-05-21 10:25:16,2021-05-25 11:52:59
"R11BS","BS","Big",108,314,NA,NA,"nurse",0,195,"Sham","NA",FALSE,TRUE,FALSE,2021-05-25 11:52:59,17,2021-05-21 10:25:16,2021-05-25 11:52:59
"R11BS","BS","Big",109,315,NA,NA,"nurse",0,195,"Sham","NA",FALSE,TRUE,FALSE,2021-05-25 11:52:59,17,2021-05-21 10:25:16,2021-05-25 11:52:59
"R11BS","BS","Big",110,316,NA,NA,"forager",0.031,195,"Sham","NA",FALSE,TRUE,FALSE,2021-05-25 11:52:59,17,2021-05-21 10:25:16,2021-05-25 11:52:59
"R11BS","BS","Big",111,317,NA,NA,"forager",0.143,195,"Sham","NA",FALSE,TRUE,FALSE,2021-05-25 11:52:59,17,2021-05-21 10:25:16,2021-05-25 11:52:59
